%% This BibTeX bibliography file was created using BibDesk.
%% http://bibdesk.sourceforge.net/


%% Created for Cyrus Omar at 2011-08-03 20:31:05 -0400 


%% Saved with string encoding Unicode (UTF-8) 



@article{Diaconescu-Futatsugi01,
	Author = {R{\u{a}}zvan Diaconescu and Kokichi Futatsugi},
	Date-Added = {2011-08-02 02:29:59 +0000},
	Date-Modified = {2011-08-02 02:29:59 +0000},
	Journal = {Theoretical Computer Science},
	Note = {This volume},
	Title = {Logical Foundations of {CafeOBJ}},
	Year = {2001}}


@InProceedings{conf/cefp/SheardL07,
	title =	"Programming in Omega",
	author =	"Tim Sheard and Nathan Linger",
	publisher =	"Springer",
	year = 	"2007",
	volume =	"5161",
	Date-Added = {2011-08-02 02:29:59 +0000},
	Date-Modified = {2011-08-02 02:29:59 +0000},
	Journal = {Theoretical Computer Science},
	booktitle =	"CEFP",
  editor =	"Zolt{\'a}n Horv{\'a}th and Rinus Plasmeijer and Anna
		 So{\'o}s and Vikt{\'o}ria Zs{\'o}k",
  ISBN = 	"978-3-540-88058-5",
  pages =	"158--227",
  series =	"Lecture Notes in Computer Science"}
%	Author = {Sheard, Tim and Linger, Nathan},
%	Booktitle = {Central European Functional Programming School},
%	Editor = {Horv{\'a}th, Zolt{\'a}n and Plasmeijer, Rinus and So{\'o}s, Anna and Zs{\'o}k, Vikt{\'o}ria},
%	Note = {10.1007/978-3-540-88059-2_5},
%	Pages = {158-227},
%	Publisher = {Springer Berlin / Heidelberg},
%	Series = {Lecture Notes in Computer Science},
%	Title = {Programming in Omega},
%	Volume = {5161},
%	Year = {2008}}
	
@article{acs:css:ccal:98a,
	Author = {A. Sernadas and C. Sernadas and C. Caleiro},
	Date-Added = {2011-08-02 02:29:04 +0000},
	Date-Modified = {2011-08-02 02:29:04 +0000},
	Journal = {Journal of Logic and Computation},
	Number = {2},
	Pages = {149--179},
	Proj = {fiblog,acl,logcomp},
	Ps = {http://wslc.math.ist.utl.pt/ftp/pub/SernadasA/98-SSC-fiblog.ps},
	St = {p},
	Title = {Fibring of Logics as a Categorial Construction},
	Volume = {9},
	Year = {1999}}

@incollection{sep-logic-combining,
	Author = {Carnielli, Walter and Coniglio, Marcelo Esteban},
	Booktitle = {The Stanford Encyclopedia of Philosophy},
	Date-Added = {2011-08-02 02:27:18 +0000},
	Date-Modified = {2011-08-02 02:41:45 +0000},
	Edition = {Winter 2008},
	Editor = {Edward N. Zalta},
	Howpublished = {\url{http://plato.stanford.edu/archives/win2008/entries/logic-combining/}},
	Publisher = {The Stanford Encyclopedia of Philosophy},
	Title = {Combining Logics},
	Year = {2008}}

@inproceedings{SheardPeytonJones:Haskell-02,
	Author = {Tim Sheard and Simon {Peyton Jones}},
	Booktitle = {ACM SIGPLAN Haskell Workshop 02},
	Date-Added = {2011-08-02 02:22:34 +0000},
	Date-Modified = {2011-08-02 02:22:34 +0000},
	Editor = {Manuel M. T. Chakravarty},
	Month = oct,
	Pages = {1--16},
	Publisher = {ACM Press},
	Title = {Template metaprogramming for {Haskell}},
	Year = {2002}}

@incollection{TatM:OpenJCBMSJ,
	Address = {Denver, Colorado, USA},
	Author = {M. Tatsubori and S. Chiba and M.-O. Killijian and K. Itano},
	Booktitle = {Reflection and Software Engineering, Papers from OORaSE 1999, 1st OOPSLA Workshop on Reflection and Software Engineering},
	Date-Added = {2011-08-02 02:21:53 +0000},
	Date-Modified = {2011-08-02 02:21:53 +0000},
	Isbn = {3-540-67761-5},
	Note = {http://www.csg.is.titech.ac.jp/$\sim$mich/openjava/papers/mich\_2000lncs1826.pdf},
	Pages = {117--133},
	Pdf = {http://www.csg.is.titech.ac.jp/~mich/openjava/papers/mich_2000lncs1826.pdf},
	Ps = {http://www.csg.is.titech.ac.jp/~mich/openjava/papers/mich_2000lncs1826.ps},
	Publisher = {Springer Verlag},
	Series = {Lecture Notes in Computer Science},
	Title = {{OpenJava}: {A} Class-Based Macro System for Java},
	Volume = {1826},
	Year = {2000}}

@article{Sheard:1999:UMS,
	Acknowledgement = {Nelson H. F. Beebe, Center for Scientific Computing, University of Utah, Department of Mathematics, 110 LCB, 155 S 1400 E RM 233, Salt Lake City, UT 84112-0090, USA, Tel: +1 801 581 5254, FAX: +1 801 581 4148, e-mail: \path|beebe@math.utah.edu|, \path|beebe@acm.org|, \path|beebe@computer.org|, \path|beebe@ieee.org| (Internet), URL: \path|http://www.math.utah.edu/~beebe/|},
	Author = {T. Sheard},
	Bibdate = {Mon Sep 13 16:57:02 MDT 1999},
	Coden = {LNCSD9},
	Date-Added = {2011-08-02 02:19:15 +0000},
	Date-Modified = {2011-08-02 02:19:15 +0000},
	Issn = {0302-9743},
	Journal = {Lecture Notes in Computer Science},
	Pages = {207--??},
	Title = {Using {MetaML}: {A} Staged Programming Language},
	Volume = {1608},
	Year = {1999}}

@inproceedings{mccarthy1978history,
	Author = {McCarthy, J.},
	Booktitle = {History of programming languages I},
	Date-Added = {2011-08-02 02:18:07 +0000},
	Date-Modified = {2011-08-02 02:18:07 +0000},
	Organization = {ACM},
	Pages = {173--185},
	Title = {History of LISP},
	Year = {1978}}

@book{Kiczales91,
	Address = {Cambridge, MA},
	Author = {Gregor Kiczales and Jim des Rivi\`{e}res and Daniel G. Bobrow},
	Checked = {Yes},
	Date-Added = {2011-08-02 02:13:38 +0000},
	Date-Modified = {2011-08-02 02:13:38 +0000},
	Publisher = {MIT Press},
	Title = {The Art of the Metaobject Protocol},
	Year = {1991}}

@article{vanWijngaarden:Mailloux:Peck:Koster:Sintzoff:Lindsey:Meertens:Fisker:acta:1975,
	Author = {A. van Wijngaarden and B. J. Mailloux and J. E. Peck and C. H. A. Koster and M. Sintzoff and C. H. Lindsey and L. G. L. T Meertens and R. G. Fisker},
	Date-Added = {2011-08-02 02:13:06 +0000},
	Date-Modified = {2011-08-02 02:13:06 +0000},
	Journal = {Acta Informatica},
	Pages = {1--236},
	Reffrom = {Christiansen:acm:sigplan:1990},
	Title = {Revised Report on the Algorithmic Language Algol 68},
	Volume = {5},
	Year = {1975}}

@inproceedings{conf/icfp/ChenX05,
	Author = {Chiyan Chen and Hongwei Xi},
	Bibdate = {2006-02-13},
	Bibsource = {DBLP, http://dblp.uni-trier.de/db/conf/icfp/icfp2005.html#ChenX05},
	Booktitle = {Proceedings of the 10th {ACM} {SIGPLAN} International Conference on Functional Programming, {ICFP} 2005, Tallinn, Estonia, September 26-28, 2005},
	Date-Added = {2011-08-02 02:09:45 +0000},
	Date-Modified = {2011-08-02 02:09:45 +0000},
	Editor = {Olivier Danvy and Benjamin C. Pierce},
	Isbn = {1-59593-064-7},
	Pages = {66--77},
	Publisher = {ACM},
	Title = {Combining programming with theorem proving},
	Url = {http://doi.acm.org/10.1145/1086365.1086375},
	Year = {2005},
	Bdsk-Url-1 = {http://doi.acm.org/10.1145/1086365.1086375}}

@inproceedings{conf/icfp/JonesVWW06,
	Author = {Simon L. Peyton Jones and Dimitrios Vytiniotis and Stephanie Weirich and Geoffrey Washburn},
	Bibdate = {2006-12-06},
	Bibsource = {DBLP, http://dblp.uni-trier.de/db/conf/icfp/icfp2006.html#JonesVWW06},
	Booktitle = {Proceedings of the 11th {ACM} {SIGPLAN} International Conference on Functional Programming, {ICFP} 2006, Portland, Oregon, {USA}, September 16-21, 2006},
	Date-Added = {2011-08-02 01:32:43 +0000},
	Date-Modified = {2011-08-02 01:32:43 +0000},
	Editor = {John H. Reppy and Julia L. Lawall},
	Isbn = {1-59593-309-3},
	Pages = {50--61},
	Publisher = {ACM},
	Title = {Simple unification-based type inference for {GADT}s},
	Url = {http://doi.acm.org/10.1145/1159803.1159811},
	Year = {2006},
	Bdsk-Url-1 = {http://doi.acm.org/10.1145/1159803.1159811}}

@inproceedings{conf/pldi/Chlipala10,
	Author = {Adam Chlipala},
	Bibdate = {2011-04-23},
	Bibsource = {DBLP, http://dblp.uni-trier.de/db/conf/pldi/pldi2010.html#Chlipala10},
	Booktitle = {Proceedings of the 2010 {ACM} {SIGPLAN} Conference on Programming Language Design and Implementation, {PLDI} 2010, Toronto, Ontario, Canada, June 5-10, 2010},
	Date-Added = {2011-08-02 01:26:09 +0000},
	Date-Modified = {2011-08-02 01:26:09 +0000},
	Editor = {Benjamin G. Zorn and Alexander Aiken},
	Isbn = {978-1-4503-0019-3},
	Pages = {122--133},
	Publisher = {ACM},
	Title = {Ur: statically-typed metaprogramming with type-level record computation},
	Url = {http://doi.acm.org/10.1145/1806596.1806612},
	Year = {2010},
	Bdsk-Url-1 = {http://doi.acm.org/10.1145/1806596.1806612}}

@article{Chakravarty:2005:ATC,
	Acknowledgement = {Nelson H. F. Beebe, University of Utah, Department of Mathematics, 110 LCB, 155 S 1400 E RM 233, Salt Lake City, UT 84112-0090, USA, Tel: +1 801 581 5254, FAX: +1 801 581 4148, e-mail: \path|beebe@math.utah.edu|, \path|beebe@acm.org|, \path|beebe@computer.org| (Internet), URL: \path|http://www.math.utah.edu/~beebe/|},
	Author = {Manuel M. T. Chakravarty and Gabriele Keller and Simon Peyton Jones and Simon Marlow},
	Bibdate = {Tue Apr 12 09:38:15 MDT 2005},
	Bibsource = {http://portal.acm.org/},
	Coden = {SINODQ},
	Date-Added = {2011-08-02 01:25:23 +0000},
	Date-Modified = {2011-08-02 01:25:23 +0000},
	Issn = {0362-1340},
	Journal = {ACM SIG{\-}PLAN Notices},
	Month = jan,
	Number = {1},
	Pages = {1--13},
	Title = {Associated types with class},
	Volume = {40},
	Year = {2005}}

@inproceedings{conf/ppdp/LohH06,
	Author = {Andres L{\"o}h and Ralf Hinze},
	Bibdate = {2006-12-07},
	Bibsource = {DBLP, http://dblp.uni-trier.de/db/conf/ppdp/ppdp2006.html#LohH06},
	Booktitle = {Proceedings of the 8th International {ACM} {SIGPLAN} Conference on Principles and Practice of Declarative Programming, July 10-12, 2006, Venice, Italy},
	Date-Added = {2011-07-29 21:00:30 +0000},
	Date-Modified = {2011-07-29 21:00:30 +0000},
	Editor = {Annalisa Bossi and Michael J. Maher},
	Isbn = {1-59593-388-3},
	Pages = {133--144},
	Publisher = {ACM},
	Title = {Open data types and open functions},
	Url = {http://doi.acm.org/10.1145/1140335.1140352},
	Year = {2006},
	Bdsk-Url-1 = {http://doi.acm.org/10.1145/1140335.1140352}}

@article{wadler1998expression,
	Author = {Wadler, P.},
	Date-Added = {2011-07-29 20:59:31 +0000},
	Date-Modified = {2011-07-29 20:59:31 +0000},
	Journal = {java-genericity Mailing List},
	Title = {The expression problem},
	Year = {1998}}

@article{Leroy-Compcert-CACM,
	Abstract = {This paper reports on the development and formal verification (proof
of semantic preservation) of CompCert, a compiler from Clight (a
large subset of the C programming language) to PowerPC assembly code,
using the Coq proof assistant both for programming the compiler and
for proving its correctness.  Such a verified compiler is useful in
the context of critical software and its formal verification: the
verification of the compiler guarantees that the safety properties
proved on the source code hold for the executable compiled code as
well.},
	Author = {Xavier Leroy},
	Date-Added = {2011-07-29 20:57:08 +0000},
	Date-Modified = {2011-07-29 20:57:08 +0000},
	Hal = {http://hal.archives-ouvertes.fr/inria-00415861/},
	Journal = {Communications of the ACM},
	Number = 7,
	Pages = {107--115},
	Pubkind = {journal-int-mono},
	Title = {Formal verification of a realistic compiler},
	Url = {http://gallium.inria.fr/~xleroy/publi/compcert-CACM.pdf},
	Urlpublisher = {http://doi.acm.org/10.1145/1538788.1538814},
	Volume = 52,
	Year = 2009,
	Bdsk-Url-1 = {http://gallium.inria.fr/~xleroy/publi/compcert-CACM.pdf}}

@article{norell2007towards,
	Author = {Norell, U.},
	Date-Added = {2011-07-29 20:54:50 +0000},
	Date-Modified = {2011-07-29 20:54:56 +0000},
	Journal = {PhD thesis, Chalmers University of Technology},
	Publisher = {Citeseer},
	Title = {Towards a practical programming language based on dependent type theory},
	Year = {2007}}

@book{bertot04book,
	Author = {Yves Bertot and Pierre Cast\'eran},
	Date-Added = {2011-07-29 20:53:05 +0000},
	Date-Modified = {2011-07-29 20:53:05 +0000},
	Publisher = {Springer Verlag},
	Series = {Texts in Theoretical Computer Science},
	Title = {Interactive Theorem Proving and Program Development. Coq'Art: The Calculus of Inductive Constructions},
	Url = {http://www.labri.fr/publications/l3a/2004/BC04},
	Year = {2004},
	Bdsk-Url-1 = {http://www.labri.fr/publications/l3a/2004/BC04}}

@book{tapl,
	Author = {Benjamin C. Pierce},
	Date-Added = {2011-07-29 01:19:43 +0000},
	Date-Modified = {2011-07-29 01:20:23 +0000},
	Publisher = {MIT Press},
	Title = {Types and Programming Languages},
	Year = {2002}}

@inproceedings{conf/cefp/Kennedy09,
	Author = {Andrew Kennedy},
	Bibdate = {2010-12-13},
	Bibsource = {DBLP, http://dblp.uni-trier.de/db/conf/cefp/cefp2009.html#Kennedy09},
	Booktitle = {CEFP},
	Date-Added = {2011-07-27 18:59:00 +0000},
	Date-Modified = {2011-07-27 18:59:56 +0000},
	Editor = {Zolt{\'a}n Horv{\'a}th and Rinus Plasmeijer and Vikt{\'o}ria Zs{\'o}k},
	Isbn = {978-3-642-17684-5},
	Pages = {268--305},
	Publisher = {Springer},
	Series = {Lecture Notes in Computer Science},
	Title = {Types for Units-of-Measure: Theory and Practice},
	Url = {http://dx.doi.org/10.1007/978-3-642-17685-2},
	Volume = {6299},
	Year = {2009},
	Bdsk-Url-1 = {http://dx.doi.org/10.1007/978-3-642-17685-2}}

@article{journals/entcs/BrabrandSV03,
	Author = {Claus Brabrand and Michael I. Schwartzbach and Mads Vanggaard},
	Bibdate = {2011-06-21},
	Bibsource = {DBLP, http://dblp.uni-trier.de/db/journals/entcs/entcs82.html#BrabrandSV03},
	Date-Added = {2011-07-27 18:26:25 +0000},
	Date-Modified = {2011-07-27 18:26:25 +0000},
	Journal = {Electr. Notes Theor. Comput. Sci},
	Number = {3},
	Pages = {592--611},
	Title = {The metafront System: Extensible Parsing and Transformation},
	Url = {http://dx.doi.org/10.1016/S1571-0661(05)82630-1},
	Volume = {82},
	Year = {2003},
	Bdsk-Url-1 = {http://dx.doi.org/10.1016/S1571-0661(05)82630-1}}

@article{brooker1963compiler,
	Author = {Brooker, RA and MacCallum, IR and Morris, D. and Rohl, JS},
	Date-Added = {2011-07-27 02:46:17 +0000},
	Date-Modified = {2011-07-27 02:46:17 +0000},
	Journal = {Annual review in automatic programming},
	Pages = {229--275},
	Publisher = {Elsevier},
	Title = {The compiler compiler},
	Volume = {3},
	Year = {1963}}

@article{LevinPierce99,
	Author = {Michael Y. Levin and Benjamin C. Pierce},
	Bcp = {Yes},
	Date-Added = {2011-07-27 01:39:22 +0000},
	Date-Modified = {2011-07-27 01:39:22 +0000},
	Full = {http://www.cis.upenn.edu/~bcpierce/papers/tt-jfp.pdf},
	Journal = {Journal of Functional Programming},
	Keys = {modular},
	Month = mar,
	Note = {A preliminary version appeared as an invited paper at the {\em Logical Frameworks and Metalanguages Workshop (LFM)}, June 2000},
	Number = {2},
	Plclub = {Yes},
	Slides = {http://www.cis.upenn.edu/~bcpierce/papers/tt-slides.ps},
	Sources = {http://www.cis.upenn.edu/~bcpierce/papers/tt.tar.gz},
	Title = {TinkerType: {A} Language for Playing with Formal Systems},
	Volume = {13},
	Year = {2003}}

@inproceedings{conf/oopsla/NystromQM06,
	Author = {Nathaniel Nystrom and Xin Qi and Andrew C. Myers},
	Bibdate = {2006-12-06},
	Bibsource = {DBLP, http://dblp.uni-trier.de/db/conf/oopsla/oopsla2006.html#NystromQM06},
	Booktitle = {Proceedings of the 21th Annual {ACM} {SIGPLAN} Conference on Object-Oriented Programming, Systems, Languages, and Applications, {OOPSLA} 2006, October 22-26, 2006, Portland, Oregon, {USA}},
	Date-Added = {2011-07-27 01:35:40 +0000},
	Date-Modified = {2011-07-27 01:35:40 +0000},
	Editor = {Peri L. Tarr and William R. Cook},
	Isbn = {1-59593-348-4},
	Pages = {21--36},
	Publisher = {ACM},
	Title = {{J}\&: nested intersection for scalable software composition},
	Url = {http://doi.acm.org/10.1145/1167473.1167476},
	Year = {2006},
	Bdsk-Url-1 = {http://doi.acm.org/10.1145/1167473.1167476}}

@inproceedings{Nystrom-Clarkson-Myers03,
	Address = {New York, NY},
	Author = {Nathaniel Nystrom and Michael R. Clarkson and Andrew C. Myers},
	Booktitle = {Compiler Construction: 12'th International Conference, CC 2003},
	Date-Added = {2011-07-27 01:34:03 +0000},
	Date-Modified = {2011-07-27 01:34:03 +0000},
	Month = apr,
	Pages = {138--152},
	Publisher = {Springer-Verlag},
	Title = {Polyglot: An Extensible Compiler Framework for Java},
	Volume = {2622},
	Year = {2003}}

@inproceedings{Chin:2005:STQ:1065010.1065022,
	Acmid = {1065022},
	Address = {New York, NY, USA},
	Author = {Chin, Brian and Markstrum, Shane and Millstein, Todd},
	Booktitle = {Proceedings of the 2005 ACM SIGPLAN Conference on Programming Language Design and Implementation},
	Date-Added = {2011-07-27 01:30:31 +0000},
	Date-Modified = {2011-07-27 01:30:52 +0000},
	Doi = {http://doi.acm.org/10.1145/1065010.1065022},
	Isbn = {1-59593-056-6},
	Keywords = {extensible typechecking, type qualifiers, type soundness},
	Location = {Chicago, IL, USA},
	Numpages = {11},
	Pages = {85--95},
	Publisher = {ACM},
	Series = {PLDI '05},
	Title = {Semantic type qualifiers},
	Url = {http://doi.acm.org/10.1145/1065010.1065022},
	Year = {2005},
	Bdsk-Url-1 = {http://doi.acm.org/10.1145/1065010.1065022}}

@inproceedings{conf/esop/ConditHAGN07,
	Author = {Jeremy Condit and Matthew Harren and Zachary R. Anderson and David Gay and George C. Necula},
	Booktitle = {Proceedings of the 16th European Symposium on Programming, {ESOP} 2007},
	Date-Added = {2011-07-27 01:27:22 +0000},
	Date-Modified = {2011-07-27 01:28:22 +0000},
	Editor = {Rocco De Nicola},
	Isbn = {978-3-540-71314-2},
	Pages = {520--535},
	Publisher = {Springer},
	Series = {Lecture Notes in Computer Science},
	Title = {Dependent Types for Low-Level Programming},
	Volume = {4421},
	Year = {2007}
	}

@inproceedings{NeMcWe2002,
	Added-At = {Wed Oct 18 08:56:39 2006},
	Added-By = {msteiner},
	Annote = {See \cite{NCHMW2005} for journal version.},
	Author = {George C. Necula and Scott McPeak and Westley Weimer},
	Booktitle = {29th Symposium on Principles of Programming Languages ({POPL})},
	Date-Added = {2011-07-27 01:23:26 +0000},
	Date-Modified = {2011-07-27 01:23:26 +0000},
	Pages = {128--139},
	Publisher = {ACM Press},
	Title = {{CCured}: Type-Safe Retrofitting of Legacy Code},
	Url = {http://www.cs.berkeley.edu/~necula/Papers/ccured_popl02.pdf},
	Year = {2002},
	Bdsk-Url-1 = {http://www.cs.berkeley.edu/~necula/Papers/ccured_popl02.pdf}}

@inproceedings{necula2002cil,
	Address = {London, UK},
	Author = {Necula, G.C. and McPeak, S. and Rahul, S.P. and Weimer, W.},
	Booktitle = {Proceedings of the 11th International Conference on Compiler Construction},
	Date-Added = {2011-07-27 01:18:40 +0000},
	Date-Modified = {2011-07-27 01:20:55 +0000},
	Organization = {Springer Verlag},
	Pages = {213-228},
	Title = {{CIL}: Intermediate Language and Tools for Analysis and Transformation of {C} Programs},
	Year = {2002}}

@misc{Brac04a,
	Annote = {internationalworkshop},
	Author = {Gilad Bracha},
	Cvs = {EgRDL2004},
	Date-Added = {2011-07-27 01:11:41 +0000},
	Date-Modified = {2011-07-27 01:11:41 +0000},
	Keywords = {nonstandard types},
	Month = oct,
	Note = {{OOPSLA} Workshop on Revival of Dynamic Languages},
	Title = {Pluggable Type Systems},
	Url = {http://pico.vub.ac.be/%7Ewdmeuter/RDL04/papers/Bracha.pdf},
	Year = {2004},
	Bdsk-Url-1 = {http://pico.vub.ac.be/%7Ewdmeuter/RDL04/papers/Bracha.pdf}}

@article{journals/stp/Ward94,
	Author = {Martin P. Ward},
	Bibdate = {2002-01-03},
	Bibsource = {DBLP, http://dblp.uni-trier.de/db/journals/stp/stp15.html#Ward94},
	Date-Added = {2011-07-27 00:59:34 +0000},
	Date-Modified = {2011-07-27 00:59:34 +0000},
	Journal = {Software - Concepts and Tools},
	Number = {4},
	Pages = {147--161},
	Title = {Language-Oriented Programming},
	Volume = {15},
	Year = {1994}}

@article{bergan2007typmix,
	Author = {Bergan, T.},
	Date-Added = {2011-07-27 00:37:07 +0000},
	Date-Modified = {2011-07-27 00:37:29 +0000},
	Journal = {Master's Thesis, University of California Los Angeles},
	Publisher = {Citeseer},
	Title = {Typmix: a framework for implementing modular, extensible type systems},
	Year = {2007}}

@book{fowler2010domain,
	Author = {Fowler, M. and Parsons, R.},
	Date-Added = {2011-07-26 21:38:19 +0000},
	Date-Modified = {2011-07-26 21:40:50 +0000},
	Publisher = {Addison-Wesley Professional},
	Title = {Domain-Specific Languages},
	Year = {2010}}

@conference{Ko:2009uq,
	Author = {Ko, A.J. and Myers, B.A.},
	Booktitle = {Proceedings of the 27th international conference on Human factors in computing systems},
	Date-Added = {2011-01-23 13:56:57 -0500},
	Date-Modified = {2011-01-23 13:57:16 -0500},
	Organization = {ACM},
	Pages = {1569--1578},
	Title = {{Finding causes of program output with the Java Whyline}},
	Year = {2009}}

@conference{LaToza:2010qy,
	Author = {LaToza, T.D. and Myers, B.A.},
	Booktitle = {Proceedings of the 32nd ACM/IEEE International Conference on Software Engineering-Volume 1},
	Date-Added = {2011-01-23 13:56:05 -0500},
	Date-Modified = {2011-01-23 13:56:18 -0500},
	Organization = {ACM},
	Pages = {185--194},
	Title = {{Developers ask reachability questions}},
	Year = {2010}}

@conference{Ellis:2007fk,
	Author = {Ellis, B. and Stylos, J. and Myers, B.},
	Booktitle = {Proceedings of the 29th international conference on Software Engineering},
	Date-Added = {2011-01-23 13:55:01 -0500},
	Date-Modified = {2011-01-23 13:55:08 -0500},
	Isbn = {0769528287},
	Organization = {IEEE Computer Society},
	Pages = {302--312},
	Title = {{The factory pattern in api design: A usability evaluation}},
	Year = {2007}}

@article{Kitchenham:2002lr,
	Author = {Barbara A. Kitchenham and Ieee Computer Society and Shari Lawrence Pfleeger and Lesley M. Pickard and Peter W. Jones and David C. Hoaglin and Khaled El Emam and Ieee Computer Society},
	Date-Added = {2011-01-23 13:52:35 -0500},
	Date-Modified = {2011-01-23 13:52:53 -0500},
	Journal = {IEEE Transactions on Software Engineering},
	Pages = {721--734},
	Title = {Preliminary Guidelines for Empirical Research in Software Engineering},
	Volume = {28},
	Year = {2002}}

@inproceedings{Nanevski:2006:PSH:1159803.1159812,
	Acmid = {1159812},
	Address = {New York, NY, USA},
	Author = {Nanevski, Aleksandar and Morrisett, Greg and Birkedal, Lars},
	Booktitle = {Proceedings of the eleventh ACM SIGPLAN international conference on Functional programming},
	Date-Added = {2011-01-22 00:22:00 -0500},
	Date-Modified = {2011-01-22 00:22:00 -0500},
	Doi = {http://doi.acm.org/10.1145/1159803.1159812},
	Isbn = {1-59593-309-3},
	Keywords = {hoare logic, separation logic, type theory},
	Location = {Portland, Oregon, USA},
	Numpages = {12},
	Pages = {62--73},
	Publisher = {ACM},
	Series = {ICFP '06},
	Title = {Polymorphism and separation in hoare type theory},
	Url = {http://doi.acm.org/10.1145/1159803.1159812},
	Year = {2006},
	Bdsk-Url-1 = {http://doi.acm.org/10.1145/1159803.1159812}}

@inproceedings{Jia:2008:APL:1411204.1411212,
	Acmid = {1411212},
	Address = {New York, NY, USA},
	Author = {Jia, Limin and Vaughan, Jeffrey A. and Mazurak, Karl and Zhao, Jianzhou and Zarko, Luke and Schorr, Joseph and Zdancewic, Steve},
	Booktitle = {Proceeding of the 13th ACM SIGPLAN International Conference on Functional Programming},
	Date-Added = {2011-01-22 00:18:53 -0500},
	Date-Modified = {2011-01-22 00:19:11 -0500},
	Doi = {http://doi.acm.org/10.1145/1411204.1411212},
	Isbn = {978-1-59593-919-7},
	Keywords = {access control, audit, authorization logic, type systems},
	Location = {Victoria, BC, Canada},
	Numpages = {12},
	Pages = {27--38},
	Publisher = {ACM},
	Series = {ICFP '08},
	Title = {AURA: a programming language for authorization and audit},
	Url = {http://doi.acm.org/10.1145/1411204.1411212},
	Year = {2008},
	Bdsk-Url-1 = {http://doi.acm.org/10.1145/1411204.1411212}}

@article{Gupta93optimizingarray,
	Author = {Rajiv Gupta},
	Date-Added = {2011-01-22 00:15:25 -0500},
	Date-Modified = {2011-01-22 00:15:25 -0500},
	Journal = {ACM Letters on Programming Languages and Systems},
	Pages = {135--150},
	Title = {Optimizing array bound checks using flow analysis},
	Volume = {2},
	Year = {1993}}

@inproceedings{Xi98eliminatingarray,
	Author = {Hongwei Xi and Frank Pfennig},
	Booktitle = {Proceedings of ACM SIGPLAN Conference on Programming Language Design and Implementation},
	Date-Added = {2011-01-22 00:11:55 -0500},
	Date-Modified = {2011-01-22 00:12:17 -0500},
	Pages = {249--257},
	Publisher = {ACM Press},
	Title = {Eliminating Array Bound Checking Through Dependent Types},
	Year = {1998}}

@article{steele1993evolution,
	Author = {Steele, G.L. and Gabriel, R.P.},
	Date-Added = {2011-01-21 23:51:26 -0500},
	Date-Modified = {2011-01-21 23:52:01 -0500},
	Isbn = {0897915704},
	Journal = {ACM SIGPLAN Notices},
	Number = {3},
	Pages = {231--270},
	Publisher = {Association for Computing Machinery, Inc, One Astor Plaza, 1515 Broadway, New York, NY, 10036-5701, USA,},
	Title = {{The evolution of Lisp}},
	Volume = {28},
	Year = {1993}}

@article{McIlroy:1960:MIE:367177.367223,
	Acmid = {367223},
	Address = {New York, NY, USA},
	Author = {McIlroy, M. Douglas},
	Date-Added = {2011-01-21 23:45:01 -0500},
	Date-Modified = {2011-01-21 23:45:01 -0500},
	Doi = {http://doi.acm.org/10.1145/367177.367223},
	Issn = {0001-0782},
	Issue = {4},
	Journal = {Commun. ACM},
	Month = {April},
	Numpages = {7},
	Pages = {214--220},
	Publisher = {ACM},
	Title = {Macro instruction extensions of compiler languages},
	Url = {http://doi.acm.org/10.1145/367177.367223},
	Volume = {3},
	Year = {1960},
	Bdsk-Url-1 = {http://doi.acm.org/10.1145/367177.367223}}

@misc{Taha99multi-stageprogramming:,
	Author = {Walid Taha and Tim Sheard and D. Jones and Eugenio Moggi},
	Date-Added = {2011-01-21 23:38:13 -0500},
	Date-Modified = {2011-01-21 23:38:13 -0500},
	Title = {Multi-Stage Programming: Its Theory and Applications},
	Year = {1999}}
