@InProceedings{lee:2012:marco,
  author =	 {Byeongcheol Lee and Robert Grimm and Martin Hirzel
                  and Kathryn S. McKinley},
  title =	 {Marco: Safe, Expressive Macros for Any Language},
  booktitle =	 {ECOOP},
  year =	 2012,
  volume =	 {LNCS 7313},
  pages =	 {356--382},
  publisher =	 {Springer}
}
%  address =	 {Berlin - Heidelberg},

@INPROCEEDINGS{Tatsubori00openjava:a,
    author = {Michiaki Tatsubori and Shigeru Chiba and M.-O. Killijian and Kozo Itano},
    title = {{OpenJava: A Class-based Macro System for Java}},
    booktitle = {Reflection and Software Engineering},
    year = {2000},
    pages = {117--133},
    publisher = {Springer}
}

@misc{srfi-49,
      author = {Egil M\"{o}ller},
      title = {{SRFI-49: Indentation-sensitive syntax}},
      year = {2005},
      howpublished = "\url{http://srfi.schemers.org/srfi-49/srfi-49.html}"
}

@misc{p4p-proposal,
      author = {Shriram Krishnamurthi},
      title = {{P4P: A Syntax Proposal}},
      year = {2010},
      howpublished = "\url{http://shriram.github.com/p4p/}"
}

@misc{sweet-expr,
      author = {David A. Wheeler},
      title = {{Readable Lisp S-expressions}},
      year = {2012},
      howpublished = "\url{http://readable.sourceforge.net}"
}

@misc{f-expr,
    author = {Manuel Simoni},
    title = {{The meaning of forms in Lisp and Kernel}},
    journal = {The Axis of Eval},
    type = {Blog},
    number = {July 31},
    year = {2011},
    howpublished = {\url{http://axisofeval.blogspot.com/2011/07/meaning-of-forms.html}}
}

@manual{camlp4,
      author = {Daniel de Rauglaudre},
      title = {{Camlp4 - Reference Manual}},
      institution = {{Institut National de Recherche en Informatique et Automatique}},
      month = {Sep},
      year = {2003},
      howpublished = "\url{http://caml.inria.fr/pub/old_caml_site/camlp4/manual/}"
}

@phdthesis{fexprthesis,
      author = {John N. Shutt},
      title = {{Fexprs as the basis of Lisp function application or \$vau: the ultimate abstraction}},
      school = {{Worcester Polytechnic Institute}},
      month = {August},
      year = {2010}
}

@inbook{shellchapter,
    author = {Brian W. Kernighan and Rob Pike},
    chapter = {{3. Using the Shell}},
    title      = {The UNIX Programming Environment},
    booktitle = {The UNIX Programming Environment},
    publisher = {Prentice Hall},
    year = 1984
}
%    address = {New Jersey},

@manual{coldfusion,
      title = {{ColdFusion Developer's Guide}},
      organization = {{Adobe Systems Inc.}},
      howpublished = "\url{http://livedocs.adobe.com/coldfusion/8/htmldocs/help.html?content=Part_3_CFML_Ref_1.html}"
}

@book{sinatra,
    author    = {Alan Harris and Konstantin Haase},
    title     = {{Sinatra: Up and Running}},
    publisher = {O'Reilly Media},
    address  = {California},
    edition  = {1st},
    year      = 2011,
    month    = {November}
}

@misc{enso,
    author = {William R. Cook and Alex Loh and Tijs van der Storm},
    title = {{Ens\={o}: A self-describing DSL workbench}},
    howpublished = {\url{http://enso-lang.org/}}
}

@inproceedings{KatsVisser2010,
  title = {{The {Spoofax} Language Workbench. {Rules} for Declarative Specification of Languages and {IDEs}}},
  author = {Lennart C. L. Kats and Eelco Visser},
  booktitle = {OOPSLA},
  year = {2010},
  pages = {444--463},
  doi = {http://dx.doi.org/10.1145/1869459.1869497},
  researchr = {http://researchr.org/publication/KatsVisser2010},
  organization = {ACM}
}
%  editor = {Martin Rinard},

@misc{mps,
    organization = {JetBrains},
    title = {{JetBrains MPS -- Meta Programming System}},
    howpublished = {\url{http://www.jetbrains.com/mps/}}
}

@misc{idw,
    organization = {Intentional Software Corp.},
    title = {{Intentional Domain Workbench}},
    howpublished = {\url{http://www.intentsoft.com/intentional-technology/}}
}

@inproceedings{Palmer:2011:BJM:2048066.2048137,
 author = {Palmer, Zachary and Smith, Scott F.},
 title = {{Backstage Java: Making a Difference in Metaprogramming}},
 booktitle = {OOPSLA '11},
 year = {2011},
 isbn = {978-1-4503-0940-0},
 location = {Portland, Oregon, USA},
 pages = {939--958},
 numpages = {20},
 url = {http://doi.acm.org/10.1145/2048066.2048137},
 doi = {10.1145/2048066.2048137},
 acmid = {2048137},
 publisher = {ACM},
 address = {New York, NY, USA},
 keywords = {Java, design patterns, difference-based metaprogramming, macros, metaprogramming, software merging},
} 

@inproceedings{Erdweg:2011:SLL:2048147.2048199,
 author = {Erdweg, Sebastian and Kats, Lennart C.L. and Rendel, Tillmann and K\"{a}stner, Christian and Ostermann, Klaus and Visser, Eelco},
 title = {SugarJ: library-based language extensibility},
 booktitle = {OOPSLA},
 year = {2011},
 isbn = {978-1-4503-0942-4},
 location = {Portland, Oregon, USA},
 pages = {187--188},
 numpages = {2},
 url = {http://doi.acm.org/10.1145/2048147.2048199},
 doi = {10.1145/2048147.2048199},
 acmid = {2048199},
 publisher = {ACM},
 keywords = {dsl embedding, language extensibility, language workbench, library},
} 
% address = {New York, NY, USA},

@misc{mslinq,
    organization = {MicroSoft},
    title = {{LINQ (Language-Integrated Query)}},
    howpublished = {\url{http://msdn.microsoft.com/en-us/library/vstudio/bb397926.aspx}}
}

@inproceedings{smalltalk,
     title = {{Smalltalk: A White Paper Overview}},
     author = {Harry H. Porter III},
     type = {White Paper},
     year = {2003},
     affiliation = {Portland State University },
     month = {March}
}
