@String{icfp = {International Conference on Functional Programming}}
@String{popl = {POPL}}
@String{pldi = {Programming Language Design and Implementation (PLDI)}}
@String{cacm = {Communications of the ACM (CACM)}}
@String{toplas = {Transactions on Programming Languages and Systems}}
@String{tosem = {ACM Transactions on Software Engineering and Methodology}}
@String{oopsla = {Object-Oriented Programming, Systems, Languages, and Applications (OOPSLA)}}
@String{ecoop = {European Conference on Object-Oriented Programming (ECOOP)}}
@String{issta = {International Symposium on Software Testing and Analysis (ISSTA)}}
@String{sigdoc = {International Conference on Computer Documentation (SIGDOC)}}
@String{icse = {International Conference on Software Engineering (ICSE)}}
@String{aosd = {Aspect-Oriented Software Development (AOSD)}}
@String{foal = {Foundations of Aspect Languages}}
@String{fool = {Foundations of Object-Oriented Languages}}
@String{lics = {Logic in Computer Science}}
@String{tic = {International Workshop on Types in Compilation}}
@String{tse = {IEEE Transactions on Software Engineering}}
@String{iwaco = {Intl. Workshop on Aliasing, Confinement and Ownership in Object-Oriented Programming (IWACO)}}
@String{ase = {Automated Software Engineering}}
@String{jss = {J. Systems \& Software}}
@String{aswec = {Australian Software Engineering Conference}}
@String{wcre = {Working Conference on Reverse Engineering (WCRE)}}
@String{seke = {Software Engineering and Knowledge Engineering}}
@String{paste = {Workshop on Program Analysis for Software Tools and Engineering (PASTE)}}
@String{tldi = {Workshop on Types in Language Design and Implementation (TLDI)}}
@String{icsm = {International Conference on Software Maintenance (ICSM)}}
@String{csmr = {European Conference on Software Maintenance and Reengineering (CSMR)}}
@String{fse = {Foundations of Software Engineering (FSE)}}
@String{esecfse = {European Software Engineering Conference (ESEC)/Foundations of Software Engineering (FSE)}}
@String{iwpc= {{International Workshop on Program Comprehension (IWPC)}}}
@String{icpc= {{International Conference on Program Comprehension (ICPC)}}}
@String{wicsa = {Working IEEE/IFIP Conference on Software Architecture (WICSA)}}
@String{ftfjp = {Workshop on Formal Techniques for Java-like Programs (FTfJP)}}
@String{X = {X}}

@String{jan = {January}}
@String{feb = {February}}
@String{mar = {March}}
@String{apr = {April}}
@String{may = {May}}
@String{jun = {June}}
@String{jul = {July}}
@String{aug = {August}}
@String{sep = {September}}
@String{oct = {October}}
@String{nov = {November}}
@String{dec = {December}}

@ARTICLE(GHG+03,
    author = {Katerina Goseva-Popstojanova and Ahmed Hassan and Ajith Guedem and Walid Abdelmoez and Diaa Eldin M. Nassar and Hany Ammar and Ali Mili},
    title = "{Architectural-Level Risk Analysis Using UML}",
    journal =  tse,
    year = {2003},
    volume = {29},
    number = {10}
)

@ARTICLE(AAC07,
    author = {{Abi-Antoun}, Marwan and Aldrich, Jonathan and Coelho, Welsey},
    title = "{A Case Study in Re-engineering to Enforce Architectural Control Flow and Data Sharing}",
    journal = jss,
    year = {2007},
    volume = {80},
    number = {2},
    pages = {240--264}
)

@ARTICLE(AAN+08,
    author = {Marwan {Abi-Antoun} and Jonathan Aldrich and Nagi Nahas and Bradley Schmerl and David Garlan},
    title = "{Differencing and Merging of Architectural Views}",
    journal =  ase ,
    year = {2008},
    volume = {15},
    number = {8},
    pages = {35--74}
)

@ARTICLE(ABF04,
    author = {Erik Arisholm and Lionel C. Briand and Audun Foyen},
    title = "{Dynamic Coupling Measurement for Object-Oriented Software}",
    journal =  tse ,
    year = {2004},
    volume = {30},
    number = {8},
    pages = {491--506}
)

@ARTICLE(Adl88,
    author = {M. Adler},
    title = "{An Algebra for Data Flow Diagram Process Decomposition}",
    journal = tse,
    year = {1988},
    volume = {14},
    number = {2}
)

@ARTICLE(BAN89,
    author = {Michael Burrows and Martin Abadi and Roger Needham},
    title = "{A Logic of Authentication}",
    journal = {ACM Trans. Comp. Syst.},
    year = {1990},
    volume = {8},
    number = {1}
)

@ARTICLE(Boy01,
    author = {John Boyland},
    title = "{Alias Burying: Unique Variables without Destructive Reads}",
    journal = "Software Practice and Experience",
    year = {2001},
    volume = {6},
    number = {31},
    pages = {533--553}
)

@ARTICLE(CD03,
    author = {Michelle L. Crane and J{\"u}rgen Dingel},
    title = "{Runtime Conformance Checking of Objects using Alloy}",
    journal = {Electronic Notes in Theoretical Computer Science},
    year = {2003},
    volume = {89},
    number = {2},
    pages = {2--21}
)

@ARTICLE(CFS+04,
    author = {Conte, Donatello and Foggia, Pasquale and Sansone, Carlo and Vento, Mario},
    title = "{Thirty Years of Graph Matching in Pattern Recognition}",
    journal = {Int. J. Pattern Recognit. Artif. Intell.},
    year = {2004},
    volume = {18},
    number = {3},
    pages = {265--298}
)

@ARTICLE(CK94,
 author = {S. R. Chidamber and C. F. Kemerer},
 title = "{A Metrics Suite for Object-Oriented Design}",
 journal =  tse ,
 year = {1994},
 volume = {20},
 number = {6},
 pages = {476--493}
)

@ARTICLE(CNR90,
 author = {Y.-F. Chen and M.Y. Nishimoto and C.V. Ramamoorthy},
 title = "{The C Information Abstraction System}",
 journal =  tse ,
 year = {1990},
 volume = {16},
 number = {3},
 pages = {325--334}
)

@ARTICLE(DBD+04,
 author = {Dickinson, Peter J. and Bunke, Horst and Dadej, Arek and Kraetzl, Miro},
 title = "{Matching Graphs with Unique Node Labels}",
 journal = {Pattern Analysis and Applications},
 year = {2004},
 volume = {7},
 number = {3},
 pages = { 243--254},
 month = {December}
)

@ARTICLE(Den76,
 author = {Dorothy E. Denning},
 title = "{A Lattice Model of Secure Information Flow}",
 journal = {Communications ACM},
 year = {1976},
 volume = {19},
 number = {5},
 pages = {236--243}
)

@article{Dijkstra:1975:GCN:360933.360975,
 author = {Dijkstra, Edsger W.},
 title = {Guarded commands, nondeterminacy and formal derivation of programs},
 journal = {Commun. ACM},
 issue_date = {Aug. 1975},
 volume = {18},
 number = {8},
 month = aug,
 year = {1975},
 issn = {0001-0782},
 pages = {453--457},
 numpages = {5},
 url = {http://doi.acm.org/10.1145/360933.360975},
 doi = {10.1145/360933.360975},
 acmid = {360975},
 publisher = {ACM},
 address = {New York, NY, USA},
 keywords = {case-construction, correctness proof, derivation of programs, nondeterminancy, program semantics, programming language semantics, programming languages, programming methodology, repetition, sequencing primitives, termination},
} 

@ARTICLE(Dij68,
 author = {Edsger W. Dijkstra},
 title = "{The Structure of the THE-Multiprogramming System}",
 journal = {Communications of the ACM},
 year = {1968},
 volume = {11},
 number = {5},
 pages = {341--346}
)

@ARTICLE(DL05,
 author = {Ducasse, St{\'e}phane and Lanza, Michele},
 title = "{The Class Blueprint: Visually Supporting the Understanding of Classes}",
 journal =  tse ,
 year = {2005},
 volume = {31},
 number = {1},
 pages = {75--90}
)

@ARTICLE(DM05,
 author = {Dietl, Werner and M{\"u}ller, Peter},
 title = "{Universes: Lightweight Ownership for JML}",
 journal = {Journal of Object Technology},
 year = {2005},
 volume = {4},
 number = {8},
 pages = {5--32}
)

@ARTICLE(DWT+03,
 author = {Yi Deng and Jiacun Wang and Jeffrey J. P. Tsai and Konstantin Beznosov},
 title = "{An Approach for Modeling and Analysis of Security System Architectures}",
 journal = {IEEE Trans. on Knowledge and Data Engineering},
 year = {2003},
 volume = {15},
 number = {5},
 pages = {1099--1119}
)

@ARTICLE(EKV05,
 author = {Eisenbarth, Thomas and Koschke, Rainer and Vogel, Gunther},
 title = "{Static Object Trace Extraction For Programs with Pointers}",
 journal = jss,
 year = {2005},
 volume = {77},
 number = {3},
 pages = {263--284}
)

@ARTICLE(EN96,
 author = {Easterbrook, S. and Nuseibeh, B.},
 title = "{Using ViewPoints for Inconsistency Management}",
 journal = {Software Engineering Journal},
 year = {1996},
 volume = {11},
 number = {1},
 pages = {31--43}
)

@ARTICLE(FKV98,
 author = {Loe Feijs and Ren\'{e} L. Krikhaar and Rob {van Ommering}},
 title = "{A Relational Approach to Support Software Architecture Analysis}",
 journal = {Software Pract. Experience},
 year = {1998},
 volume = {28},
 number = {4}
)

@ARTICLE(Fow01,
 author = {Martin Fowler},
 title = "{Reducing Coupling}",
 journal = {IEEE Software},
 year = {2001},
 volume = {18},
 number = {4},
 pages = {102--104}
)

%TDOO: HIGH. Cite me.
@ARTICLE(GH03,
 author = {John C. Grundy and John G. Hosking},
 title = "{Softarch: Tool Support for Integrated Software Architecture Development}",
 journal = {J. Softw. Eng. Klndg. Eng.},
 year = {2003},
 volume = {13},
 number = {2}
)

@ARTICLE(GHG+03,
 author = {Katerina Goseva-Popstojanova and Ahmed Hassan and Ajith Guedem and Walid Abdelmoez and Diaa Eldin M. Nassar and Hany Ammar and Ali Mili},
 title = "{Architectural-Level Risk Analysis Using UML}",
 journal =  tse ,
 year = {2003},
 volume = {29},
 number = {10}
)

@ARTICLE(GKC02,
 author = {Garlan, David and Kompanek, Andrew and Cheng, Shang-Wen},
 title = "{Reconciling the Needs of Architectural Description with Object-Modeling Notations}",
 journal = {Science of Computer Programming},
 year = {2002},
 volume = {44},
 pages = {23--49}
)

@ARTICLE(GN00,
 author = {Gansner, Emden R. and North, Stephen C.},
 title = "{An Open Graph Visualization System and its Applications to Software Engineering}",
 journal = "{Software: Practice \& Experience}",
 year = {2000},
 volume = {30},
 number = {11},
 pages = {1203-1233}
)

@ARTICLE(Got05,
 author = {Goth, Greg},
 title = "{Beware the march of this IDE: Eclipse is overshadowing other tool techniques}",
 journal = {IEEE Software},
 year = {2005},
 volume = {22},
 number = {4}
)

@ARTICLE(Gus81,
 author = {David A. Gustafson},
 title = "{Control flow, Data flow \& Data Independence}",
 journal = {SIGPLAN Notices},
 year = {1981},
 volume = {16},
 number = {10},
 pages = {13--19}
)

@ARTICLE(HH06,
 author = {H. James Hoover and Daqing Hou},
 title = "{Using SCL to Specify and Check Design Intent in Source Code}",
 journal =  tse ,
 year = {2006},
 volume = {32},
 number = {6},
 pages = {404--423}
)

@ARTICLE(HL03b,
 author = {Michael Howard and Steve Lipner},
 title = "{Inside the Windows Security Push}",
 journal = {IEEE Security and Privacy},
 year = {2003},
 volume = {1},
 number = {1},
 pages = {57--61}
)

@ARTICLE(HNP02,
 author = {Hill, Trent and Noble, James and Potter, John},
 title = "{Scalable Visualizations of Object-Oriented Systems with Ownership Trees}",
 journal = {Journal of Visual Languages and Computing},
 year = {2002},
 volume = {13},
 number = {3},
 pages = {319--339}
)

@ARTICLE(HPR+97,
 author = {Lester J. Holtzblatt and Richard L. Piazza and Howard B. Reubenstein and Susan N. Roberts and David R. Harris},
 title = "{Design Recovery for Distributed Systems}",
 journal =  tse ,
 year = {1997},
 volume = {23},
 number = {7},
 pages = {461--472}
)

@ARTICLE(JR00,
 author = {Jerding, Dean and Rugaber, Spencer},
 title = "{Using Visualization for Architectural Localization and Extraction}",
 journal = {Science of Computer Programming},
 year = {2000},
 volume = {36},
 number = {2},
 pages = {267-284}
)

@ARTICLE(JW01,
 author = {Jackson, Daniel and Waingold, Allison},
 title = "{Lightweight Extraction of Object Models from Bytecode}",
 journal =  tse ,
 year = {2001},
 volume = {27},
 number = {2},
 pages = {156--169}
)

@ARTICLE(KC99,
 author = {Rick Kazman and S. Jeromy Carri\`{e}re},
 title = "{Playing Detective: Reconstructing Software Architecture from Available Evidence}",
 journal =  ase ,
 year = {1999},
 volume = {6},
 number = {2},
 pages = {107--138}
)

@ARTICLE(KGH95,
 author = {Kung, David C. and Gao, Jerry and Hsia, Pei},
 title = "{Class Firewall, Test Order, and Regression Testing of Object-Oriented Programs}",
 journal = {Journal of Object-Oriented Programming},
 year = {1995},
 volume = {8},
 number = {2},
 pages = {51--65}
)

@ARTICLE(KK03,
 author = {Kamran Sartipi and Kostas Kontogiannis},
 title = "{A User-Assisted Approach to Component Clustering}",
 journal = {Journal of Software Maintenance},
 year = {2003},
 volume = {15},
 number = {4},
 pages = {265--295}
)

@ARTICLE(KP88,
 author = {G.E. Krasner and S.T. Pope},
 title = "{A Cookbook for Using the Model-View-Controller User Interface Paradigm in Smalltalk-80}",
 journal = {Journal of Object-Oriented Programming},
 year = {1988},
 volume = {1},
 number = {3},
 pages = {26--49}
)

@ARTICLE(KP96,
 author = {Kramer, Christian and Prechelt, Lutz},
 title = "{Design Recovery by Automated Search for Structural Design Patterns in Object-Oriented Software}",
 journal =  wcre,
 year = {1996},
 pages = {208}
)

@ARTICLE(KRW06,
 author = {Kirk, D. and Roper, M. and Wood, M.},
 title = "{Identifying and Addressing Problems in Object-Oriented Framework Reuse}",
 journal = {Empirical Software Engineering},
 year = {2006},
 volume = 12,
 number = 3,
 pages = {243--274}
)

@ARTICLE(KSL+03,
 author = {Karsai, G. and Sztipanovits, J. and Ledeczi, A. and Bapty, T.},
 title = {Model-integrated development of embedded software},
 journal = {Proceedings of the IEEE},
 year = {2003},
 volume = {91},
 number = {1},
 pages = { 145--164}
)

@ARTICLE(LD03,
 author = {Lanza, Michele and Ducasse, St{\'e}phane },
 title = "{Polymetric Views -- a Lightweight Visual Approach to Reverse Engineering}",
 journal =  tse ,
 year = {2003},
 volume = {29},
 number = {9},
 pages = {782--795}
)

@ARTICLE(LH89,
 author = {Lieberherr, Karl J. and Holland, Ian M.},
 title = "{Assuring Good Style for Object-Oriented Programs}",
 journal = {IEEE Software},
 year = {1989},
 volume = {6},
 number = {5}
)

@ARTICLE(LLL+98,
 author = {Bruno Lagu\"{e} and Charles Leduc and Andr{\'e} Le Bon and Ettore Merlo and Michel Dagenais},
 title = "{An Analysis Framework for Understanding Layered Software Architectures}",
 journal =  iwpc ,
 year = {1998}
)

@ARTICLE(LLM07,
 author = {Leavens, Gary T. and Leino, K. Rustan M. and M{\"u}ller, Peter},
 title = "{Specification and Verification Challenges for Sequential Object-Oriented Programs}",
 journal = "{Formal Aspects of Computing}",
 volume = {19},
 number = {2},
 year = {2007},
 pages = {159--189}
)

@ARTICLE(LN97,
 author = {Lange, Danny B. and Nakamura, Yuichi},
 title = "{Object-Oriented Program Tracing and Visualization}",
 journal = {IEEE Computer},
 year = {1997},
 volume = {30},
 number = {5},
 pages = {63--70}
)

@ARTICLE(LPT94,
 author = {Peter Gorm Larsen and Nico Plat and Hans Toetenel},
 title = "{A Formal Semantics of Data Flow Diagrams}",
 journal = {Formal Aspects of Computing},
 year = {1994},
 volume = {6},
 number = {6},
 pages = {586--606}
)

@ARTICLE(LV95,
 author = {David C. Luckham and James Vera},
 title = "{An Event-Based Architecture Definition Language}",
 journal =  tse ,
 year = {1995},
 volume = {21},
 number = {9},
 pages = {717--734}
)

@ARTICLE(MB07,
 author = {Onaiza Maqbool and Haroon Babri},
 title = "{Hierarchical Clustering for Software Architecture Recovery}",
 journal =  tse ,
 year = {2007},
 volume = {33},
 number = {11},
 pages = {759-780}
)

@ARTICLE(MJ06,
 author = {Medvidovic, Nenad and Jakobac, Vladimir},
 title = "{Using Software Evolution to Focus Architectural Recovery}",
 journal = ase,
 year = {2006},
 volume = {13},
 number = {2},
 pages = {225--256}
)

@ARTICLE(MK01,
 author = {Nabor C. Mendon\c{c}a and Jeff Kramer},
 title = "{An Approach for Recovering Distributed System Architectures}",
 journal =  ase ,
 year = {2001},
 volume = {8},
 number = {3-4},
 pages = {311--354}
)

@ARTICLE(MKF06,
 author = {Murphy, Gail C. and Kersten, Mik and Findlater, Leah },
 title = "{How are Java Software Developers Using the Eclipse IDE?}",
 journal = {IEEE Software},
 year = {2006},
 volume = {23},
 number = {4}
)

@ARTICLE(MMD+01,
 author = {Jonathan I. Maletic and Andrian Marcus and Greg Dunlap and Jason Leigh},
 title = "{Visualizing Object-Oriented Software in Virtual Reality}",
 journal =  iwpc ,
 year = {2001},
 pages = {26}
)

@ARTICLE(MMM05,
 author = {Sam Malek and Marija Mikic-Rakic and Nenad Medvidovic},
 title = "{A Style-Aware Architectural Middleware for Resource-Constrained, Distributed Systems}",
 journal =  tse ,
 year = {2005},
 volume = {31},
 number = {3},
 pages = {256--272}
)

@ARTICLE(MN97,
 author = {Gail C. Murphy and David Notkin},
 title = {Reengineering with Reflexion Models: a Case Study},
 journal = {Computer},
 year = {1997},
 volume = {30},
 number = {8},
 pages = {29--36}
)

@ARTICLE(MNS01,
 author = {Murphy, Gail C. and Notkin, David and Sullivan, Kevin J.},
 title = "{Software Reflexion Models: Bridging the Gap between Design and Implementation}",
 journal =  tse ,
 year = {2001},
 volume = {27},
 number = {4},
 pages = {364--380}
)

@ARTICLE(MOT+93,
 author = {Hausi A. M{\"u}ller and Mehmet A. Orgun and Scott R. Tilley and James S. Uhl},
 title = "{A Reverse-Engineering Approach to Subsystem Structure Identification}",
 journal = {Journal of Software Maintenance: Research and Practice},
 year = {1993},
 volume = {5},
 number = {4},
 pages = {181--204}
)

@ARTICLE(MQR95,
 author = {Mark Moriconi and Xiaolei Qian and R. A. Riemenschneider},
 title = "{Correct Architecture Refinement}",
 journal =  tse ,
 year = {1995},
 volume = {21},
 number = {4},
 pages = {356--372}
)

@ARTICLE(MS95,
 author = {Alberto O. Mendelzon and Johannes Sametinger},
 title = "{Reverse Engineering by Visualizing and Querying}",
 journal = {Software -- Concepts and Tools},
 year = {1995},
 volume = {16},
 number = {4}
)

@ARTICLE(MT00,
 author = {Medvidovic, Nenad and Taylor, Richard N.},
 title = "{A Classification and Comparison Framework for Software Architecture Description Languages}",
 journal =  tse ,
 year = {2000},
 volume = {26},
 number = {1}
)

@ARTICLE(Par72,
 author = {Parnas, D. L.},
 title = "{On the Criteria To Be Used in Decomposing Systems into Modules}",
 journal = {Communications of the ACM},
 year = {1972},
 volume = {15},
 number = {12},
 pages = {1053--1058}
)

@ARTICLE(PNB04,
 author = {Potanin, Alex and Noble, James and Biddle, Robert},
 title = "{Checking Ownership and Confinement}",
 journal = {Concurrency and Computation: Practice and Experience},
 year = {2004},
 volume = {16},
 number = {7},
 pages = {671--687},
 month = {April},
 priority = "4"
)

@ARTICLE(PNF+05,
 author = {Potanin, Alex and Noble, James and Frean, Marcus and Biddle, Robert},
 title = "{Scale-Free Geometry In OO Programs}",
 journal = {Commun. ACM},
 year = {2005},
 volume = {48},
 number = {5},
 pages = {99--103}
)

@ARTICLE(PW92,
 author = {Dewayne E. Perry and Alexander L. Wolf},
 title = "{Foundations for the Study of Software Architecture}",
 journal = {SIGSOFT Softw. Eng. Notes},
 year = {1992},
 volume = {17},
 number = {4},
 pages = {40--52}
)

@ARTICLE(Rei07,
 author = {Steven P. Reiss},
 title = "{Visual Representations of Executing Programs}",
 journal = {J. Vis. Lang. Comput.},
 year = {2007},
 volume = {18},
 number = {2},
 pages = {126--148}
)

@ARTICLE(ROW98,
 author = {Rushby, John and Owre, Sam and Shankar, Natarajan},
 title = "{Subtypes for Specifications: Predicate Subtyping in PVS}",
 journal =  tse ,
 year = {1998},
 volume = {24},
 number = {9}
)

@ARTICLE(RVM+04,
 author = {Roshandel, Roshanak and van der Hoek, Andr{\'e} and Mikic-Rakic, Marija and Medvidovic, Nenad},
 title = "{Mae -- a System Model and Environment for Managing Architectural Evolution}",
 journal = {ACM Transactions on Software Engineering and Methodology},
 year = {2004},
 volume = {13},
 number = {2},
 pages = {240--276}
)

@ARTICLE(SAG+06,
 author = {Schmerl, Bradley and Aldrich, Jonathan and Garlan, David and Kazman, Rick and Yan, Hong},
 title = "{Discovering Architectures from Running Systems}",
 journal =  tse ,
 year = {2006},
 volume = {32},
 number = {7},
 pages = {454--466}
)

@ARTICLE(Sch99,
 author = {Bruce Schneier},
 title = "{Attack Trees: Modeling Security Threats}",
 journal = {Dr. Dobb's Journal},
 year = {1999}
)

@ARTICLE(SDK+95,
 author = {Mary Shaw and Robert DeLine and Daniel V. Klein and Theodore L. Ross and David M. Young and Gregory Zelesnik},
 title = "{Abstractions for Software Architecture and Tools to Support Them}",
 journal =  tse ,
 year = {1995},
 volume = {21},
 number = {4},
 pages = {314--335}
)

@ARTICLE(SFM99,
 author = {Margaret-Anne D. Storey and Frank D. Fracchia and Hausi A. M{\"u}ller},
 title = "{Cognitive Design Elements to Support the Construction of a Mental Model During Software Exploration}",
 journal = jss,
 year = {1999},
 volume = {44},
 number = {3}
)

@ARTICLE(SLB00,
 author = {Shull, Forrest and Lanubile, Filippo and Basili, Victor R.},
 title = "{Investigating Reading Techniques for Object-Oriented Framework Learning}",
 journal =  tse ,
 year = {2000},
 volume = {26},
 number = {11},
 pages = {1101--1118}
)

@ARTICLE(SLZ+04,
 author = {G. Edward Suh and Jae W. Lee and David Zhang and Srinivas Devadas},
 title = "{Secure Program Execution via Dynamic Information Flow Tracking}",
 journal = {ACM SIGOPS Operating Systems Review},
 year = {2004},
 volume = {38},
 number = {5},
 pages = {85--96}
)

@ARTICLE(SMK07,
 author = {Santonu Sarkar and Girish Maskeri Rama and Avinash C. Kak},
 title = "{API-Based and Information-Theoretic Metrics for Measuring the Quality of Software Modularization}",
 journal =  tse ,
 year = {2007},
 volume = {33},
 number = {1},
 pages = {14--32}
)

@ARTICLE(SN92,
 author = {Kevin Sullivan and David Notkin},
 title = "{Reconciling Environment Integration and Software Evolution}",
 journal =  tosem ,
 year = {1992},
 volume = {1},
 number = {3},
 month =  jul
)

@article{SP07,
 AUTHOR = {Sch{\"a}fer, Jan and {Poetzsch-Heffter}, Arnd},
 TITLE = "{A Parameterized Type System for Simple Loose Ownership Domains}",
  journal   = {Journal of Object Technology},
  volume    = {6},
  number    = {5},
  year      = {2007},
  pages = {71--100}
 }

%TODO: HIGH. Cite me!
@ARTICLE(Spi03,
 author = {Spinellis, Diomidis},
 title = "{On the Declarative Specification of Models}",
 journal = {IEEE Software},
 year = {2003},
 volume = {20},
 number = {2},
 pages = {94--96},
 month = {March/April}
)

@ARTICLE(SW01,
 author = {Judith A. Stafford and Alexander L. Wolf},
 title = "{Architecture-Level Dependence Analysis For Software Systems}",
 journal = {International Journal of Software Engineering and Knowledge Engineering (IJSEKE)},
 year = {2001},
 volume = {11},
 number = {4},
 pages = {431 -- 451}
)

@INPROCEEDINGS(SYS06,
 author = {Kamran Sartipi and Lingdong Ye and Hossein Safyallah},
 title = "{Alborz: An Interactive Toolkit to Extract Static and Dynamic Views of a Software System}",
 booktitle = icpc,
 year = {2006},
 pages = {256--259}
)

@ARTICLE(TH02,
 author = {Vassilios Tzerpos and Richard C. Holt},
 title = "{Automatic Architectual Clustering of Software}",
 year = {2002},
 pages = {159--176},
 book = "Advances in Software Engineering"
)

@ARTICLE(Tho03,
 author = {Herbert H. Thompson},
 title = "{Why Security Testing Is Hard}",
 journal = {IEEE Security and Privacy},
 year = {2003},
 volume = {01},
 number = {4},
 pages = {83-86}
)

@ARTICLE(THP05,
 author = {Torsello, Andrea and Hidovic-Rowe, Dzena and Pelillo, Marcello},
 title = "{Polynomial-Time Metrics for Attributed Trees}",
 journal = {IEEE Transactions on Pattern Analysis and Machine Intelligence},
 year = {2005},
 volume = {27},
 number = {7},
 pages = {1087--1099}
)

@ARTICLE(TMA+96,
 author = {Taylor, Richard N. and Medvidovic, Nenad and Anderson, Kenneth M. and Whitehead, E. James Jr. and Robbins, Jason E. and Nies, Kari A. and Oreizy, Peyman and Dubrow, Deborah L.},
 title = "{A Component- and Message-Based Architectural Style for GUI Software}",
 journal =  tse ,
 year = {1996},
 volume = {22},
 number = {6},
 pages = {390--406}
)

@ARTICLE(Tor05,
 author = {Torr, Peter},
 title = "{Demystifying the Threat-Modeling Process}",
 journal = {IEEE Security and Privacy},
 year = {2005},
 volume = {3},
 number = {5},
 pages = {66--70}
)

@ARTICLE(WC07,
 author = {Wrigstad, Tobias and Clarke, Dave},
 title = "{Existential Owners for Ownership Types}",
 journal = {Journal of Object Technology},
 year = {2007},
 volume    = {6},
 number    = {4},
 pages      = {141--159}
)

@ARTICLE(WDC03,
 author = {Wang, Yuan and DeWitt, David J. and Cai, Jin-Yi},
 title = "{X-Diff: An Effective Change Detection Algorithm for XML Documents}",
 journal = {International Conference on Data Engineering},
 year = {2003},
 pages = {519--530}
)

@ARTICLE(WF74,
 author = {Wagner, Robert A. and Fischer, Michael J.},
 title = "{The String-to-String Correction Problem}",
 journal = {Journal of the ACM},
 year = {1974},
 volume = {21},
 number = {1},
 pages = {168--173}
)

@ARTICLE(Wil03,
 author = {David S. Wile},
 title = "{Revealing Component Properties through Architectural Styles}",
 journal = jss,
 year = {2003},
 volume = {65},
 number = {3}
)

@ARTICLE(WTM+95,
 author = {Wong, Kenny and Tilley, Scott R. and M{\"u}ller, Hausi A. and Storey, Margaret-Anne D.},
 title = "{Structural Redocumentation: a Case Study}",
 journal = {IEEE Software},
 year = {1995},
 volume = {12},
 number = {1},
 pages = {46--54}
)

@ARTICLE(XN06,
 author = {Dianxiang Xu and Kendall E. Nygard},
 title = "{Threat-Driven Modeling and Verification of Secure Software Using Aspect-Oriented Petri Nets}",
 journal = {IEEE Transactions on Software Engineering},
 year = {2006},
 volume = {32},
 number = {4},
 pages = {265-278}
)

@BOOK(Amb04,
 author = {Ambler, Scott},
 title = "{The Object Primer 3rd Edition: Agile Model Driven Development with UML 2}",
 publisher = {Cambridge University Press},
 year = {2004}
)

@BOOK(And01,
 author = {Ross Anderson},
 title = "{Security Engineering : a Guide to Building Dependable Distributed Systems}",
 publisher = {John Wiley},
 year = {2001}
)

@BOOK(BCK03,
 author = {Len Bass and Paul Clements and Rick Kazman},
 title = {Software Architecture in Practice},
 publisher = {Addison-Wesley},
 year = {2003},
 edition = {2nd}
)

@BOOK(Blo01,
 author = {Bloch, Josh},
 title = "{Effective Java}",
 publisher = {Addison-Wesley},
 year = {2001}
)

@BOOK(BMR+96,
 author = {Frank Buschmann and Regine Meunier and Hans Rohnert and Peter Sommerlad and Michael Stal},
 title = "{Pattern-Oriented Software Architecture: a System of Patterns}",
 publisher = {John Wiley},
 year =  1996
)

@BOOK(CBB+03,
 author = {Clements, P. and Bachman, F. and Bass, L. and Garlan, D. and Ivers, J. and Little, R. and Nord, R. and Stafford, J.},
 title = "{Documenting Software Architecture: View and Beyond}",
 publisher = {Addison-Wesley},
 year = {2003}
)

@BOOK(DW98,
 author = {D'Souza, Desmond F. and Wills, Alan Cameron},
 title = "{Objects, Components and Frameworks with UML: The Catalysis Approach}",
 publisher = {Addison-Wesley},
 year = {1998}
)

@BOOK(GHJ+94,
 author = "Erich Gamma and Richard Helm and Ralph Johnson and John Vlissides",
 title = "{Design Patterns: Elements of Reusable Object-Oriented Software}",
 publisher = "Addison-Wesley",
 year = "1994"
)

@BOOK(HL03a,
 author = {Howard, M. and LeBlanc, D.},
 title = "{Writing Secure Code}",
 publisher = {Microsoft Press},
 year = {2003},
 edition = {2nd}
)

@BOOK(HL06,
 author = {Howard, M. and Lipner, S.},
 title = "{The Security Development Lifecycle}",
 publisher = {Microsoft Press},
 year = {2006}
)

@BOOK(HT99,
 author = {Hunt, Andrew and Thomas, David},
 title = "{The Pragmatic Programmer: From Journeyman to Master}",
 publisher = {Addison-Wesley},
 year = {1999}
)

@BOOK(Jur04,
 author = {J{\"u}rjens, J.},
 title = "{Secure Systems Development with UML}",
 publisher = {Springer-Verlag},
 year = {2004}
)

@BOOK(MCJ+01,
 author = {McGarry {et al.}, J.},
 title = "{Practical Software Measurement: Objective Information for Decision Makers}",
 publisher = {Addison-Wesley},
 year = {2001}
)

@BOOK(MTHM97,
 author = "Robin Milner and Mads Tofte and Robert Harper and David MacQueen",
 title = "{The Definition of Standard ML (Revised)}",
 publisher = "MIT Press",
 year = "1997",
 address = "Cambridge, Massachusetts"
)

@BOOK(NM94,
 editor = {J. Nielsen and R.L. Mack},
 title = "{Usability Inspection Methods}",
 publisher = {John Wiley \& Sons},
 year = {1994},
 _key = {NM94}
)

@BOOK(SG96,
 author = {Shaw, Mary and Garlan, David},
 title = "{Software Architectures: Perspectives on an Emerging Discipline}",
 publisher = {Prentice Hall},
 year = {1996}
)

@BOOK(SS04,
 author = {Swiderski, F. and Snyder, W.},
 title = "{Threat Modeling}",
 publisher = {Microsoft Press},
 year = {2004}
)

@BOOK(VAB+00,
 author = {Vermeulen, Allan and Ambler, Scott and Bumgardner, Greg and Eldon, Metz and Misfeldt, Trevor and Shur, Jim and Thompson, Patrick},
 title = "{The Elements of Java Style}",
 publisher = {Cambridge University Press},
 year = {2000}
)

@BOOK(You06,
 author = {Yourdon, E.},
 title = "{Structured Analysis}",
 publisher = {Prentice Hall},
 year = {1988}
)

@INCOLLECTION(GMW00,
 author = {Garlan, David and Monroe, Robert T. and Wile, David},
 title = "{Acme: Architectural Description of Component-Based Systems}",
 booktitle = {Foundations of Component-Based Systems},
 publisher = {Cambridge University Press},
 year =  2000 ,
 editor = {Gary Leavens and Murali Sitaraman},
 pages = {47--68}
)

@INCOLLECTION(SZ97,
 author = {Shasha, D. and Zhang, K},
 title = "{Approximate Tree Pattern Matching}",
 booktitle = {Pattern Matching Algorithms},
 publisher = {Oxford University Press},
 year = {1997},
 editor = {Apostolico, A. and Galil, Z., Eds}
)

@INPROCEEDINGS(AA06a,
 author = {Marwan Abi-Antoun and Jonathan Aldrich},
 title = "{Bringing Ownership Domains to Mainstream Java (Tool Demonstration)}",
 booktitle =  oopsla ,
 year = {2006},
 pages = {702--703}
)

@INPROCEEDINGS(AA06b,
 author = {Marwan Abi-Antoun and Jonathan Aldrich},
 title = "{A Static Analysis for Extracting Runtime Views from Annotated Object-Oriented Code (Tool Demonstration)}",
 booktitle =  oopsla,
 year = {2006},
 pages = {734--735}
)

@INPROCEEDINGS(AA07a,
 author = {{Abi-Antoun}, Marwan and Aldrich, Jonathan},
 title = "{Ownership Domains in the Real World}",
 booktitle =  iwaco ,
 year = {2007},
 pages = {93--104},
)

@INPROCEEDINGS(AA07b,
 author = {{Abi-Antoun}, Marwan and Aldrich, Jonathan},
 title = "{Compile-Time Views of Execution Structure Based on Ownership}",
 booktitle =  iwaco ,
 year = {2007},
 pages = {81--92},
)

@INPROCEEDINGS(AA07e,
 author = {Marwan Abi-Antoun and Jonathan Aldrich},
 title = "{Tool Support for the Compile-Time Execution Structure of Object-Oriented Programs with Ownership Annotations (Tool Demonstration)}",
 booktitle =  ase,
 year = {2007}
)

@INPROCEEDINGS(AAC+01,
 author = {Albin-Amiot, Herv{\'e} and Cointe, Pierre and Gu{\'e}h{\'e}neuc, Yann-Ga{\"e}l and Jussien, Narendra},
 title = "{Instantiating and Detecting Design Patterns: Putting Bits and Pieces Together}",
 booktitle =  ase ,
 year = {2001},
 pages = {166 -- 173}
)

@INPROCEEDINGS(AAG+05,
 author = {Marwan Abi-Antoun and Jonathan Aldrich and David Garlan and Bradley Schmerl and Nagi Nahas and Tony Tseng},
 title = "{Improving System Dependability by Enforcing Architectural Intent}",
 booktitle = {Workshop on Architecting Dependable Systems (WADS)},
 year = {2005},
 pages = {1--7}
)

@INPROCEEDINGS(AAG+05a,
 author = {Marwan Abi-Antoun and Jonathan Aldrich and David Garlan and Bradley Schmerl and Nagi Nahas and Tony Tseng},
 title = "{Modeling and Implementing Software Architecture with Acme and ArchJava (Tool Demonstration)}",
 booktitle =  icse,
 year = {2005},
 pages = {676--677}
)

@INPROCEEDINGS(AAG+05b,
 author = {Marwan Abi-Antoun and Jonathan Aldrich and David Garlan and Bradley Schmerl and Nagi Nahas},
 title = "{Semi-Automated Incremental Synchronization between Conceptual and Implementation Level Architectures}",
 booktitle =  wicsa ,
 year = {2005},
 pages = {265--268}
)

@INPROCEEDINGS(AAN+06,
 author = {Marwan Abi-Antoun and Jonathan Aldrich and Nagi Nahas and Bradley Schmerl and David Garlan},
 title = "{Differencing and Merging of Architectural Views}",
 booktitle =  ase ,
 year = {2006},
 pages = {47--58}
)

@inproceedings {PE99,
    author = {Rinus Plasmeijer and Marko van Eekelen},
    title = {{Keep it Clean: A unique approach to functional programming}},
    booktitle = {ACM Sigplan Notices},
    year = {1999}
}

@inproceedings {JW93,
    author = {Simon Peyton Jones and Philip Wadler},
    title = {{Imperative functional programming}},
    booktitle = {Principles of Programming Languages},
    year = {1993}
}

@inproceedings {MapReduce,
    author = {Jeffrey Dean and Sanjay Ghemawat},
    title = {{MapReduce: Simplified Data Processing on Large Clusters}},
    booktitle = {Operating System Design and Implementation},
    year = {2004}
}

@inproceedings {LCH07,
    author = {Daniel K. Lee and Karl Crary and Robert Harper},
    title = {{Towards a Mechanized Metatheory of Standard ML}},
    booktitle = {Principles of Programming Languages},
    year = {2007}
}

@inproceedings {LFG+07,
    author = {Benjamin Lerner and Matthew Flower and Dan Grossman and Craig Chambers},
    title = {{Searching for Type-Error Messages}},
    booktitle = {Programming Language Design and Implementation},
    year = {2007}
}


Searching for Type-Error Messages
Benjamin Lerner, Matthew Flower, Dan Grossman, Craig Chambers.
ACM Conference on Programming Language Design and Implementation, pages 425–434, San Diego, CA, June, 2007.

@INPROCEEDINGS{traits,
    author = {Nathanael Schärli and Stéphane Ducasse and Oscar Nierstrasz and Andrew P. Black},
    title = {{Traits: Composable Units of Behaviour}},
    booktitle = {Proc. European Conference on Object-Oriented Programming},
    year = {2003},
}

@article{Bak94,
 author = {Henry Baker},
 title = {Minimizing Reference Count Updating with Deferred and Anchored Pointers for Functional Data Structures},
 journal = {SIGPLAN Not.},
 volume = {29},
 number = {9},
 year = {1994},
 pages = {38-43},
 }

@article{bocchino09:deterministic_parallel_java,
 author = {Bocchino,Jr., Robert L. and Adve, Vikram S. and Dig, Danny and Adve, Sarita V. and Heumann, Stephen and Komuravelli, Rakesh and Overbey, Jeffrey and Simmons, Patrick and Sung, Hyojin and Vakilian, Mohsen},
 title = {A type and effect system for deterministic parallel Java},
 journal = {SIGPLAN Not.},
 volume = {44},
 number = {10},
 year = {2009},
 pages = {97--116},
 publisher = {ACM},
 address = {New York, NY, USA},
 }

@inproceedings {GL86,
    author = {D.K. Gifford and J.M. Lucassen},
    title = {{Integrating Functional and Imperative
Programming}},
    booktitle = {Lisp and Functional Programming},
    year = {1986}
}

@inproceedings {ego,
    author = {Andi Bejleri and Jonathan Aldrich and Kevin Bierhoff},
    title = {{Ego: Controlling the Power of Simplicity}},
    booktitle = {Proc. Foundations of Object-Oriented Languages},
    year = {2006}
}

@inproceedings{BCD09,
 author = {Lorenzo Bettini and Sara Capecchi and Ferruccio Damiani},
 title = {{A Mechanism for Flexible Dynamic Trait Replacement}},
 booktitle = {Proc. Formal Techniques for Java-like Programs},
 year = {2009},
}


@article{Tai93,
    author = {Antero Taivalsaari},
    title = {{Object-Oriented Programming with Modes}},
    journal = {Journal of Object-Oriented Programming},
    volume = {6},
    number = {3},
    year = {1993},
    pages = {25--32},
}

@INPROCEEDINGS{Per90,
    author = {Barbara Pernici},
    title = {{Objects with Roles}},
    booktitle = {Proc. Conference on Office Information Systems},
    year = {1990},
}

@Manual{CieraTP,
  title =        {{Proper Plugin Protocols}},
  organization = {{C. Jaspan}},
  year =      {2010},
  note =      {Carnegie Mellon University Thesis Proposal},
}

@article{Kay93,
    author = {Alan C. Kay},
    title = {{The Early History of Smalltalk}},
    journal ={SIGPLAN Notices},
    volume = {28},
    number = {3},
    year = {1993},
}

@inproceedings{HBS73,
 author = {Carl Hewitt and Peter Bishop and Richard Steiger},
 title = {{A Universal Modular Actor Formalism for Artificial Intelligence}},
 booktitle = {Proc. International Joint Conference on Artificial Intelligence},
 year = {1973},
}

@INPROCEEDINGS(AC04,
 author = {Aldrich, Jonathan and Chambers, Craig},
 title = "{Ownership Domains: Separating Aliasing Policy from Mechanism}",
 booktitle =  ecoop ,
 year = {2004},
 pages = {1--25}
)

@INPROCEEDINGS(JA09,
 author = {Ciera Jaspan and Jonathan Aldrich},
 title = "{Checking Framework Interactions with Relationships}",
 booktitle =  ecoop ,
 year = {2009},
)

@INPROCEEDINGS(AC05,
 author = {Marwan Abi-Antoun and Wesley Coelho},
 title = "{A Case Study in Incremental Architecture-Based Re-engineering of a Legacy Application}",
 booktitle = wicsa,
 year = {2005},
 pages = {159--168}
)

@INPROCEEDINGS(AC94,
 author = {Ammann, Manuel M. and Cameron, Robert D.},
 title = "{Inter-Module Renaming and Reorganizing: Examples of Program Manipulation-in-the-Large}",
 booktitle = icsm,
 year = {1994},
 pages = {354--361}
)

@INPROCEEDINGS(ACN02,
 author = {Aldrich, Jonathan and Chambers, Craig and Notkin, David},
 title = "{ArchJava: Connecting Software Architecture to Implementation}",
 booktitle =  icse ,
 year = {2002},
 pages = {187--197}
)

@INPROCEEDINGS(ACN02b,
 author = {Jonathan Aldrich and Craig Chambers and David Notkin},
 title = "{Architectural Reasoning with ArchJava}",
 booktitle =  ecoop ,
 year = {2002}
)

@INPROCEEDINGS(AG94,
 author = {Robert Allen and David Garlan},
 title = "{Formalizing Architectural Connection}",
 booktitle =  icse ,
 year = {1994},
 pages = {71--80}
)

@INPROCEEDINGS(AKC02,
 author = {Jonathan Aldrich and Valentin Kostadinov and Craig Chambers},
 title = "{Alias Annotations for Program Understanding}",
 booktitle =  oopsla ,
 year = {2002},
 pages = {311--330}
)

@INPROCEEDINGS(Alm97,
 author = {Paulo Sérgio Almeida},
 title = "{Balloon Types: Controlling Sharing of State in Data Types}",
 booktitle =  ecoop ,
 year = {1997},
 month =  jun ,
 location = "Jyväskylä, Finland"
)

@INPROCEEDINGS(Anderson94,
 author = {Ross Anderson},
 title = "{Why Cryptosystems Fail}",
 booktitle = {ACM Conf. on Computer \& Communication Security},
 year = {1993}
)

@INPROCEEDINGS(ANM+06,
 author = {Chris Andreae and James Noble and Shane Markstrum and Todd Millstein},
 title = "{A Framework for Implementing Pluggable Type Systems}",
 booktitle =  oopsla ,
 year = {2006},
 pages = {57--74}
)

@INPROCEEDINGS(AOH04,
 author = {Apiwattanapong, Taweesup and Orso, Alessandro and Harrold, Mary Jean},
 title = "{A Differencing Algorithm for Object-Oriented Programs}",
 booktitle = ase,
 year = {2004},
 pages = {2--13}
)

@INPROCEEDINGS(AP03,
 author = {Alanen, Marcus and Porres, Ivan},
 title = "{Difference and Union of Models}",
 booktitle = {International Conference on the Unified Modeling Language, Modeling Languages and Applications},
 year = {2003},
 pages = {2--17}
)

@INPROCEEDINGS(AS04,
 author = {Agarwal, Rahul and Stoller, Scott D.},
 title = "{Type Inference for Parameterized Race-Free Java}",
 booktitle = {International Conference on Verification, Model Checking, and Abstract Interpretation (VMCAI)},
 year = {2004},
 pages = {149--160}
)

@INPROCEEDINGS(AT98,
 author = {M.N. Armstrong and C. Trudeau},
 title = "{Evaluating Architectural Extractors}",
 booktitle =  wcre,
 year = {1998},
 pages = {30--39}
)

@INPROCEEDINGS(AWT07,
 author = {{Abi-Antoun}, Marwan and Wang, Daniel and Torr, Peter},
 title = "{Checking Threat Modeling Data Flow Diagrams for Implementation Conformance and Security (Short Paper)}",
 booktitle =  ase ,
 year = {2007},
 pages = {393-396}
)

@INPROCEEDINGS(BCD+06,
 author = {Martin Blech and Juan P. Carlino and J. Andr\'{e}s D\'{\i}az-Pace and Alvaro Soria},
 title = "{Keeping Design Documentation Updated through Synchronization of Use-Case-Maps with Implementation}",
 booktitle = {Argentine Symposium on Software Engineering},
 year = {2006}
)

%TODO: LOW. Cite me
@INPROCEEDINGS(BD06,
 author = {Johannes Bohnet and J{\"u}rgen D{\"o}llner},
 title = "{Analyzing Feature Implementation by Visual Exploration of Architecturally-Embedded Call-Graphs}",
 booktitle = {International Workshop on Dynamic Systems Analysis (WODA)},
 year = {2006}
)

@INPROCEEDINGS(BDL03,
 author = {Bertuli, Roland and Ducasse, Stephane and Lanza, Michele},
 title = "{Run-time Information Visualization for Understanding Object-Oriented Systems}",
 booktitle = {International Workshop on Object-Oriented Reengineering},
 year = {2003}
)

@INPROCEEDINGS(BFN+06,
 author = {Baxter, Gareth and Frean, Marcus and Noble, James and Rickerby, Mark and Smith, Hayden and Visser, Matt and Melton, Hayden and Tempero, Ewan},
 title = "{Understanding the Shape of Java Software}",
 booktitle =  oopsla ,
 year = {2006},
 pages = {311--324}
)

@INPROCEEDINGS(BG97,
 author = {Beck, Kent and Gamma, Erich},
 title = "{JHotDraw -- Patterns Applied (Tutorial)}",
 booktitle =  oopsla ,
 year = {1997}
)

@INPROCEEDINGS(BHB99,
 author = {Ivan T. Bowman and Richard C. Holt and Neil V. Brewster},
 title = "{Linux as a Case Study: its Extracted Software Architecture}",
 booktitle =  icse ,
 year = {1999},
 pages = {555--563}
)

@INPROCEEDINGS(BI97,
 author = {Christophe Bidan and Val\'{e}rie Issarny},
 title = "{Security Benefits from Software Architecture}",
 booktitle = {Intl. Conf. on Coordination Languages and Models},
 year = {1997},
 pages = {64--80}
)

@INPROCEEDINGS(BKL04,
 author = {Walter R. Bischofberger and Jan K{\"u}hl and Silvio L{\"o}ffler},
 title = "{Sotograph -- a Pragmatic Approach to Source Code Architecture Conformance Checking}",
 booktitle = {European Workshop on Software Architecture},
 year = {2004},
 pages = {1--9}
)

@INPROCEEDINGS(BLM03,
 author = {Briand, L. C. and Labiche, Y. and Miao, Y.},
 title = "{Towards the Reverse Engineering of UML Sequence Diagrams}",
 booktitle =  wcre ,
 year = {2003},
 pages = {57--66}
)

@INPROCEEDINGS(BLR02,
 author = {Boyapati, Chandrasekhar and Lee, Robert and Rinard, Martin},
 title = "{Ownership Types for Safe Programming: Preventing Data Races and Deadlocks}",
 booktitle =  oopsla ,
 year = {2002},
 pages = {211--230}
)

@INPROCEEDINGS(BLR03,
 author = {Boyapati, Chandrasekhar and Liskov, Barbara and Shrira, Liuba},
 title = "{Ownership Types for Object Encapsulation}",
 booktitle =  popl ,
 year = {2003},
 pages = {213--223}
)

@INPROCEEDINGS(BLS+03,
 author = {Chandrasekhar Boyapati and Barbara Liskov and Liuba Shrira and Chuang-Hue Moh and Steven Richman},
 title = "{Lazy Modular Upgrades in Persistent Object Stores}",
 booktitle =  oopsla ,
 year = {2003}
)

@INPROCEEDINGS(BN02,
 author = {Anindya Banerjee and David A. Naumann},
 title = "{Representation Independence, Confinement, and Access Control}",
 booktitle =  popl ,
 year = {2002}
)

@INPROCEEDINGS(BR01,
 author = {Boyapati, Chandrasekhar and Rinard, Martin},
 title = "{A Parameterized Type System for Race-Free Java Programs}",
 booktitle =  oopsla ,
 year = {2001},
 pages = {56--69}
)

@INPROCEEDINGS(BS96,
 author = {Bacon, David F. and Sweeney, Peter F.},
 title = "{Fast Static Analysis of C++ Virtual Function Calls}",
 booktitle =  oopsla ,
 year = {1996},
 pages = {324--341}
)

@INPROCEEDINGS(BSB+03,
 author = {Chandrasekhar Boyapati and Alexandru Salcianu and William Beebee, Jr. and Martin Rinard},
 title = "{Ownership Types for Safe Region-Based Memory Mangement in Real-Time Java}",
 booktitle =  pldi ,
 year = {2003}
)

@INPROCEEDINGS(BV99,
 author = {Boris Bokowski and Jan Vitek},
 title = "{Confined Types}",
 booktitle =  oopsla ,
 year = {1999}
)

@INPROCEEDINGS(CB86,
 author = {Cunningham, Ward and Beck, Kent},
 title = "{A diagram for Object-Oriented Programs}",
 booktitle =  oopsla,
 year = {1986},
 pages = {361--367}
)

@INPROCEEDINGS(CCG+03,
 author = {Chen, Ping H. and Critchlow, Matt and Garg, Akash and van der Westhuizen, Chris and van der Hoek, Andr{\'e}},
 title = "{Differencing and Merging within an Evolving Product Line Architecture}",
 booktitle = {Intl. Workshop on Software Product-Family Engineering},
 year = {2003},
 pages = {269--281}
)

@INPROCEEDINGS(CCH06,
 author = {Miguel Castro and Manuel Costa and Tim Harris},
 title = "{Securing Software by Enforcing Data-flow Integrity}",
 booktitle = {Symp. Op. Systems Design \& Impl. (OSDI)},
 year = {2006}
)

@INPROCEEDINGS(CCQ+04,
 author = {Chin, Wei-Ngan and Craciun, Florin and Qin, Shengchao and Rinard, Martin},
 title = "{Region Inference for an Object-Oriented Language}",
 booktitle =  pldi ,
 year = {2004},
 pages = {243--254}
)

@INPROCEEDINGS(CD02,
 author = {David Clarke and Sophia Drossopoulou},
 title = "{Ownership, Encapsulation, and the Disjointness of Type and Effect}",
 booktitle =  oopsla ,
 year = {2002}
)

@INPROCEEDINGS(CDN+07,
 author = {Nicholas Cameron and Sophia Drossopoulou and James Noble and Matthew Smith},
 title = "{Multiple Ownership}",
 booktitle =  oopsla,
 year =  2007
)

@INPROCEEDINGS(Nistor11,
 author = {Ligia Nistor and Jonathan Aldrich},
 title = "{Verifying Object-Oriented Code Using Object Propositions}",
 booktitle =  "International Workshop on Aliasing, Confinement and Ownership",
 year =  2011
)

@article{hybrid,
 author = {Flanagan, Cormac},
 title = {Hybrid type checking},
 journal = {SIGPLAN Not.},
 issue_date = {January 2006},
 volume = {41},
 number = {1},
 month = jan,
 year = {2006},
 issn = {0362-1340},
 pages = {245--256},
 numpages = {12},
 url = {http://doi.acm.org/10.1145/1111320.1111059},
 doi = {10.1145/1111320.1111059},
 acmid = {1111059},
 publisher = {ACM},
 address = {New York, NY, USA},
 keywords = {contracts, dynamic checking, static checking, type systems},
}

@inproceedings{gradual,
 author = {Siek, Jeremy and Taha, Walid},
 title = {Gradual Typing for Objects},
 booktitle = {Proceedings of the 21st European conference on ECOOP 2007: Object-Oriented Programming},
 series = {ECOOP '07},
 year = {2007},
 isbn = {978-3-540-73588-5},
 location = {Berlin, Germany},
 pages = {2--27},
 numpages = {26},
 url = {http://dx.doi.org/10.1007/978-3-540-73589-2_2},
 doi = {10.1007/978-3-540-73589-2_2},
 acmid = {1420964},
 publisher = {Springer-Verlag},
 address = {Berlin, Heidelberg},
}

@inproceedings{eventual-consistency,
 author = {Terry, D. B. and Theimer, M. M. and Petersen, Karin and Demers, A. J. and Spreitzer, M. J. and Hauser, C. H.},
 title = {Managing update conflicts in Bayou, a weakly connected replicated storage system},
 booktitle = {Proceedings of the fifteenth ACM symposium on Operating systems principles},
 series = {SOSP '95},
 year = {1995},
 isbn = {0-89791-715-4},
 location = {Copper Mountain, Colorado, United States},
 pages = {172--182},
 numpages = {11},
 url = {http://doi.acm.org/10.1145/224056.224070},
 doi = {10.1145/224056.224070},
 acmid = {224070},
 publisher = {ACM},
 address = {New York, NY, USA},
}

@INPROCEEDINGS(CEH+05,
 author = {Nistor, Eugen C. and Erenkrantz, Justin R. and Hendrickson, Scott A. and van der Hoek, Andr\'{e}},
 title = "{ArchEvol: Versioning Architectural-Implementation Relationships}",
 booktitle = {International Workshop on Software Configuration Management},
 year = {2005},
 pages = {99--111}
)

@INPROCEEDINGS(CG01,
 author = {Cheng, Shang-Wen and Garlan, David},
 title = "{Mapping Architectural Concepts to UML-RT}",
 booktitle = {International Conference on Parallel and Distributed Processing Techniques and Applications},
 year = {2001},
 month = {June}
)

@INPROCEEDINGS(CG97,
 author = {Sudarshan S. Chawathe and Hector Garcia-Molina},
 title = "{Meaningful Change Detection in Structured Data}",
 booktitle = {ACM SIGMOD International Conference on Management of Data},
 year = {1997},
 pages = {26--37}
)

@INPROCEEDINGS(Chr04,
 author = {Christensen, Henrik B{\ae}rbak},
 title = "{Frameworks: Putting Design Patterns into Perspective}",
 booktitle = {Annual SIGCSE Conference on Innovation and Technology in Computer Science Education (ITiCSE)},
 year = {2004}
)

@INPROCEEDINGS(CKS05,
 author = {Andreas Christl and Rainer Koschke and Margaret-Anne Storey},
 title = "{Equipping the Reflexion Method with Automated Clustering}",
 booktitle =  wcre ,
 year = {2005},
 pages = {89--98}
)

@INPROCEEDINGS(CNP01,
 author = {Clarke, David G. and Noble, James and Potter, John},
 title = "{Simple Ownership Types for Object Containment}",
 booktitle =  ecoop ,
 year = {2001},
 pages = {53--76}
)

@INPROCEEDINGS(CPN98,
 author = {David G. Clarke and John M. Potter and James Noble},
 title = "{Ownership Types for Flexible Alias Protection}",
 booktitle =  oopsla,
 year = {1998},
 pages ={48--64},
 location = "Vancouver, Canada"
)

@INPROCEEDINGS(CRM+08,
 author = {Leslie Cheung and Roshanak Roshandel and Nenad Medvidovic and Leana Golubchik},
 title = "{Early Prediction of Software Component Reliability}",
 booktitle =  icse ,
 year = {2008},
 pages = {111--120}
)

@INPROCEEDINGS(CRN03,
 author = {Dave Clarke and Michael Richmond and James Noble},
 title = "{Saving the world from bad beans: deployment-time confinement checking}",
 booktitle =  oopsla ,
 year = {2003},
 pages = {374--387}
)

@INPROCEEDINGS(CSO+08,
 author = {Sylvain Chardigny and Abdelhak Seriai and Mourad Oussalah and Dalila Tamzalit},
 title = "{Extraction of Component-Based Architecture from Object-Oriented Systems}",
 booktitle =  wicsa,
 year = {2008},
 pages = {285--288}
)

@INPROCEEDINGS(CSV92,
 author = {Canfora, G. and Sansone, L. and Visaggio, G.},
 title = "{Data Flow Diagrams: Reverse Engineering Production and Animation}",
 booktitle = {Intl. Conf. Softw. Maintenance},
 year = {1992}
)

@INPROCEEDINGS(CW03,
 author = {Dave Clarke and Tobias Wrigstad},
 title = "{External Uniqueness is Unique Enough}",
 booktitle =  ecoop ,
 year = {2003},
 pages = {176--200}
)

@INPROCEEDINGS(DBL06,
 author = {Delamare, Romain and Baudry, Benoit and Le Traon, Yves},
 title = "{Reverse-engineering of UML 2.0 Sequence Diagrams from Execution Traces}",
 booktitle = {Workshop on Object-Oriented Reengineering},
 year = {2006}
)

@INPROCEEDINGS(DC05,
 author = {J. Andr\'{e}s D\'{\i}az-Pace and Marcelo R. Campo},
 title = "{ArchMatE: from architectural styles to object-oriented models through exploratory tool support}",
 booktitle =  oopsla ,
 year = {2005},
 Pages = {117--132}
)

@INPROCEEDINGS(DDM07,
 author = {Dietl, Werner and Drossopoulou, Sophia and M{\"u}ller, Peter},
 title = "{Generic Universe Types}",
 booktitle =  ecoop,
 year = {2007},
 pages = {28--53}
)

@INPROCEEDINGS(DHK+93,
 author = {De Pauw, Wim and Helm, Richard and Kimelman, Doug and Vlissides, John},
 title = "{Visualizing the Behavior of Object-Oriented Systems}",
 booktitle =  oopsla ,
 year = {1993},
 pages = {326--337}
)

@INPROCEEDINGS(DHT01,
 author = {Eric M. Dashofy and Andr{\'e} {van der Hoek} and Richard N. Taylor},
 title = "{A Highly-Extensible, XML-Based Architecture Description Language}",
 booktitle = {Working IEEE/IFIP Conference on Software Architecture (WICSA)},
 year = {2001}
)

@INPROCEEDINGS(DJM+02,
 author = {De Pauw, Wim and Jensen, Erik and Mitchell, Nick and Sevitsky, Gary and Vlissides, John M. and Yang, Jeaha},
 title = "{Visualizing the Execution of Java Programs}",
 booktitle = {Revised Lectures on Software Visualization, International Seminar},
 year = {2002},
 pages = {151--162}
)

@INPROCEEDINGS(DKV94,
 author = {De Pauw, Wim and Kimelman, Doug and Vlissides, John M.},
 title = "{Modeling Object-Oriented Program Execution}",
 booktitle =  ecoop ,
 year = {1994},
 pages = {163--182}
)

@INPROCEEDINGS(DLS97,
 author = {B. Dole and S. Lodin and E. Spafford},
 title = "{Misplaced Trust: Kerberos 4 Session Keys}",
 booktitle = {Symposium on Network and Distributed System Security},
 year = {1997}
)

@INPROCEEDINGS(DM04,
 author = {Dietl Werner and M{\"u}ller, Peter},
 title = "{Exceptions in Ownership Type Systems}",
 booktitle = ftfjp,
 year = {2004}
)

@INPROCEEDINGS(DM07c,
 author = {Dietl Werner and M{\"u}ller, Peter},
 title = "{Runtime Universe Type Inference}",
 booktitle =  iwaco ,
 year = {2007}
)

@INPROCEEDINGS(DS99,
 author = {De Pauw, Wim and Sevitsky, Gary},
 title = "{Visualizing Reference Patterns for Solving Memory Leaks in Java}",
 booktitle =  ecoop ,
 year = {1999},
 pages = {116--134}
)

@INPROCEEDINGS(DWM+05,
 author = {Diaconescu, Roxana E. and Wang, Lei and Mouri, Zachary and Chu, Matt},
 title = "{A Compiler and Runtime Infrastructure for Automatic Program Distribution}",
 booktitle = {IEEE International Parallel and Distributed Processing Symposium (IPDPS)},
 year = {2005}
)

@INPROCEEDINGS(Egy06,
 author = {Egyed, Alexander},
 title = "{Instant Consistency Checking for the UML}",
 booktitle =  icse ,
 year = {2006},
 pages = {381--390}
)

@INPROCEEDINGS(EK06,
 author = {Eisenberg, Andrew D. and Kiczales, Gregor},
 title = "{A Simple Edit-Time Metaobject Protocol: Controlling the Display of Metadata in Programs (Tool Demonstration)}",
 booktitle =  oopsla ,
 year = {2006},
 pages = {696--697}
)

@INPROCEEDINGS(EK07,
 author = {Eisenberg, Andrew D. and Kiczales, Gregor},
 title = "{Expressive Programs through Presentation Extension}",
 booktitle =  aosd ,
 year = {2007},
 pages = {73--84}
)

@INPROCEEDINGS(EOG+98,
 author = {Eixelsberger, Wolfgang and Ogris, Michaela and Gall, Harald and Bellay, Berndt},
 title = "{Software Architecture Recovery of a Program Family}",
 booktitle =  icse ,
 year = {1998}
)

@INPROCEEDINGS(Erd98,
 author = {Erdogmus, Hakan},
 title = "{Representing Architectural Evolution}",
 booktitle = {Conference of the Centre for Advanced Studies on Collaborative Research},
 year = {1998},
 pages = {159-177}
)

@INPROCEEDINGS(FF06,
 author = {Cormac Flanagan and Stephen N. Freund},
 title = "{Dynamic Architecture Extraction}",
 booktitle = {Workshop on Formal Approaches to Testing and Runtime Verification},
 year = {2006},
 month =  aug ,
 LOCATION = "Seattle, WA"
)

@INPROCEEDINGS(FLL+02,
 author = {Flanagan, Cormac and Leino, K. Rustan M. and Lillibridge, Mark and Nelson, Greg and Saxe, James B. and Stata, Raymie},
 title = "{Extended Static Checking for Java}",
 booktitle =  pldi ,
 year = {2002},
 pages = {234--245}
)

@INPROCEEDINGS(FTK+05,
 author = {Robert Fuhrer and Frank Tip and Adam Kie{\.z}un and Julian Dolby and Markus Keller},
 title = "{Efficiently Refactoring {Java} Applications to Use Generic Libraries}",
 booktitle =  ecoop ,
 year = {2005},
 pages = {71--96}
)

@INPROCEEDINGS(GAA04,
 author = {Gu{\'e}h{\'e}neuc, Yann-Ga{\"e}l and Albin-Amiot, Herv{\'e}},
 title = "{Recovering Binary Class Relationships: Putting Icing on the UML Cake}",
 booktitle =  oopsla ,
 year = {2004},
 pages = {301--314}
)

@INPROCEEDINGS(GAK99,
 author = {George Yanbing Guo and Joanne M. Atlee and Rick Kazman},
 title = "{A Software Architecture Reconstruction Method}",
 booktitle = wicsa,
 year = {1999},
 pages = {15--34}
)

@INPROCEEDINGS(Gam98,
 author = {Gamma, Erich},
 title = "{Advanced Design with Patterns and Java (Tutorial)}",
 booktitle = {European Conference on Java and Object Orientation (JAOO)},
 year = {1998},
 note = {JHotDraw v. 5.1}
)

@INPROCEEDINGS(GB99,
 author = {Aaron Greenhouse and John Boyland},
 title = "{An Object-Oriented Effects System}",
 booktitle = {ecoop},
 year =  1999
)

@INPROCEEDINGS(GE00,
 author = {M. Godfrey and H. Eric},
 title = "{Secrets from the Monster: Extracting Mozilla's Software Architecture}",
 booktitle = {Second Symposium on Constructing Software Engineering Tools (CoSET'00)},
 year =  2000
)

%TODO: HIGH. Cite me.
@INPROCEEDINGS(GH00,
 author = {John Grundy and John Hosking},
 title = "{High-Level Static and Dynamic Visualization of Software Architectures}",
 booktitle = {IEEE International Symposium on Visual Languages (VL'00)},
 year = {2000},
 pages = {5}
)

@INPROCEEDINGS(GKK02,
 author = {Bernhard Gr{\"o}ne and Andreas Kn{\"o}pfel and Rudolf Kugel},
 title = "{Architecture Recovery of Apache 1.3 -- a Case Study}",
 booktitle = {International Conference on Software Engineering Research and Practice},
 year = {2002}
)

@INPROCEEDINGS(GM01,
 author = {Juan Gargiulo and Spiros Mancoridis},
 title = "{Gadget: a Tool for Extracting the Dynamic Structure of Java Programs}",
 booktitle =  seke ,
 year = {2001}
)

@INPROCEEDINGS(GM03,
 author = {Gerald C. Gannod and Shilpa Murthy},
 title = "{Verification of Recovered Software Architectures}",
 booktitle = {International Workshop on Program Comprehension},
 year = {2003},
 pages = {258}
)

@INPROCEEDINGS(GPV01,
 author = {Grothoff, Christian and Palsberg, Jens and Vitek, Jan},
 title = "{Encapsulating Objects with Confined Types}",
 booktitle =  oopsla ,
 year = {2001}
)

@INPROCEEDINGS(GS93,
 author = "David Garlan and Mary Shaw",
 title = "{An Introduction to Software Architecture}",
 booktitle = "Advances in Software Engineering and Knowledge Engineering, I",
 year = "1993",
 editor = "V. Ambriola and G. Tortora"
)

@INPROCEEDINGS(Gue04,
 author = {Gu{\'e}h{\'e}neuc, Yann-Ga{\"e}l},
 title = "{A Reverse Engineering Tool for Precise Class Diagrams}",
 booktitle = {Conference of the Centre for Advanced Studies on Collaborative research},
 year = {2004},
 pages = {28--41}
)

@INPROCEEDINGS(GZ06,
 author = {Gu{\'e}h{\'e}neuc, Yann-Ga{\"e}l and Ziadi, Tewfik},
 title = "{Automated Reverse-Engineering of UML 2.0 Dynamic Models}",
 booktitle = {Workshop on Object-Oriented Reengineering (WOOR)},
 year = {2005}
)

@INPROCEEDINGS(Ham04,
 author = {Hamer, John},
 title = "{Visualising Java Data Structures as Graphs}",
 booktitle = {Sixth Conference on Australasian Computing Education},
 year = {2004},
 pages = {125--129}
)

@INPROCEEDINGS(Ham04,
 author = {Hamer, John},
 title = "{Visualising Java Data Structures as Graphs}",
 booktitle = {Sixth Conference on Australasian Computing Education},
 year = {2004}
)

@INPROCEEDINGS(HDW+06,
 author = {Brian Hackett and Manuvir Das and Daniel Wang and Zhe Yang},
 title = "{Modular Checking for Buffer Overflows in the Large}",
 booktitle = {Intl. Conf. on Software Engineering},
 year = {2006},
 pages = {232--241}
)

@INPROCEEDINGS(HH02,
 author = {Ahmed E. Hassan and Richard C. Holt},
 title = "{Architecture Recovery of Web Applications}",
 booktitle =  icse ,
 year = {2002},
 pages = {349--359}
)

@INPROCEEDINGS(HM90,
 author = {Haarslevm Volker and M{\"o}ller, Ralf},
 title = "{A Framework for Visualizing Object-Oriented Systems}",
 booktitle =  oopsla ,
 year = {1990},
 pages = {237--244},
 location = "Ottawa, Canada"
)

@INPROCEEDINGS(HNP00,
 author = {Hill, Trent and Noble, James and Potter, John},
 title = "{Visualizing the Structure of Object-Oriented Systems}",
 booktitle = {IEEE International Symposium on Visual Languages (VL'00)},
 year = {2000},
 pages = {191--198}
)

@INPROCEEDINGS(Hog91,
 author = {John Hogg},
 title = "{Islands: Aliasing Protection in Object-Oriented Languages}",
 booktitle =  oopsla ,
 year = {1991},
 month =  oct ,
 location = "Phoenix, Arizona"
)

@INPROCEEDINGS(HRY95,
 author = {David R. Harris and Howard B. Reubenstein and Alexander S. Yeh},
 title = "{Reverse Engineering to the Architectural Level}",
 booktitle =  icse ,
 year = {1995},
 pages = {186--195}
)

@INPROCEEDINGS(HW02,
 author = {Hlaoui, Adel and Wang, Shengrui},
 title = "{A New Algorithm for Graph Matching with Application to Content-Based Image Retrieval}",
 booktitle = {Joint IAPR International Workshop on Structural, Syntactic, and Statistical Pattern Recognition},
 year = {2002},
 pages = {291--300}
)

@INPROCEEDINGS(IPW99,
 author = {Atshushi Igarashi and Benjamin Pierce and Philip Wadler},
 title = "{Featherweight Java: a Minimal Core Calculus for Java and GJ}",
 booktitle =  oopsla ,
 year = {1999}
)

@INPROCEEDINGS(JLL99,
 author = {Catherine Blake Jaktman and John Leaney and Ming Liu},
 title = "{Structural Analysis of the Software Architecture -- a Maintenance Assessment Case Study}",
 booktitle = wicsa,
 year = {1999},
 pages = {455--470}
)

@INPROCEEDINGS(JR00_FOSE,
 author = {Daniel Jackson and Martin Rinard},
 title = "{Software Analysis: a Roadmap}",
 booktitle = {Conference on the Future of Software Engineering},
 year = {2000}
)

@INPROCEEDINGS(JR97,
 author = {Jerding, Dean and Rugaber, Spencer},
 title = "{Using Visualization for Architectural Localization and Extraction}",
 booktitle =  wcre ,
 year = {1997},
 pages = {56-65}
)

@INPROCEEDINGS(JSB97,
 author = {Jerding, Dean F. and Stasko, John T. and Ball, Thomas},
 title = "{Visualizing Interactions in Program Executions}",
 booktitle =  icse ,
 year = {1997},
 pages = {360--370}
)

@INPROCEEDINGS(JWZ94,
 author = {Jiang, Tao and Wang, Lusheng and Zhang, Kaizhong},
 title = "{Alignment of Trees -- An Alternative to Tree Edit}",
 booktitle = {Annual Symposium on Combinatorial Pattern Matching},
 year = {1994},
 pages = {75--86}
)

@INPROCEEDINGS(KA05,
 author = {Krishnaswami, Neel and Aldrich, Jonathan},
 title = "{Permission-Based Ownership: Encapsulating State in Higher-Order Typed Languages}",
 booktitle =  pldi ,
 year = {2005},
 pages = {96--106}
)

@inproceedings{Pnueli:1977:TLP:1382431.1382534,
 author = {Pnueli, Amir},
 title = {The temporal logic of programs},
 booktitle = {Proceedings of the 18th Annual Symposium on Foundations of Computer Science},
 series = {SFCS '77},
 year = {1977},
 pages = {46--57},
 numpages = {12},
 url = {http://dx.doi.org/10.1109/SFCS.1977.32},
 doi = {10.1109/SFCS.1977.32},
 acmid = {1382534},
 publisher = {IEEE Computer Society},
 address = {Washington, DC, USA},
} 

@article{Fosdick:1976:DFA:356674.356676,
 author = {Fosdick, Lloyd D. and Osterweil, Leon J.},
 title = {Data Flow Analysis in Software Reliability},
 journal = {ACM Comput. Surv.},
 issue_date = {Sept. 1976},
 volume = {8},
 number = {3},
 month = sep,
 year = {1976},
 issn = {0360-0300},
 pages = {305--330},
 numpages = {26},
 url = {http://doi.acm.org/10.1145/356674.356676},
 doi = {10.1145/356674.356676},
 acmid = {356676},
 publisher = {ACM},
 address = {New York, NY, USA},
}

@article{ModelChecking,
 author = {Clarke, E. M. and Emerson, E. A. and Sistla, A. P.},
 title = {Automatic verification of finite-state concurrent systems using temporal logic specifications},
 journal = {ACM Trans. Program. Lang. Syst.},
 issue_date = {April 1986},
 volume = {8},
 number = {2},
 month = apr,
 year = {1986},
 issn = {0164-0925},
 pages = {244--263},
 numpages = {20},
 url = {http://doi.acm.org/10.1145/5397.5399},
 doi = {10.1145/5397.5399},
 acmid = {5399},
 publisher = {ACM},
 address = {New York, NY, USA},
}

@article{HoareTypeTheory,
 author = {Nanevski, Aleksandar and Morrisett, Greg and Birkedal, Lars},
 title = {Hoare type theory, polymorphism and separation1},
 journal = {J. Funct. Program.},
 issue_date = {September 2008},
 volume = {18},
 number = {5-6},
 month = sep,
 year = {2008},
 issn = {0956-7968},
 pages = {865--911},
 numpages = {47},
 url = {http://dx.doi.org/10.1017/S0956796808006953},
 doi = {10.1017/S0956796808006953},
 acmid = {1520017},
 publisher = {Cambridge University Press},
 address = {New York, NY, USA},
}

@article{implicit-frames,
 author = {Smans, Jan and Jacobs, Bart and Piessens, Frank},
 title = {Implicit dynamic frames},
 journal = {ACM Trans. Program. Lang. Syst.},
 issue_date = {April 2012},
 volume = {34},
 number = {1},
 month = may,
 year = {2012},
 issn = {0164-0925},
 pages = {2:1--2:58},
 articleno = {2},
 numpages = {58},
 url = {http://doi.acm.org/10.1145/2160910.2160911},
 doi = {10.1145/2160910.2160911},
 acmid = {2160911},
 publisher = {ACM},
 address = {New York, NY, USA},
 keywords = {Program verification, frame problem, separation logic},
}

@inproceedings{PerryGPCE06,
 author = {Perry, Frances and Jia, Limin and Walker, David},
 title = {Expressing heap-shape contracts in linear logic},
 booktitle = {Proceedings of the 5th international conference on Generative programming and component engineering},
 series = {GPCE '06},
 year = {2006},
 isbn = {1-59593-237-2},
 location = {Portland, Oregon, USA},
 pages = {101--110},
 numpages = {10},
 url = {http://doi.acm.org/10.1145/1173706.1173723},
 doi = {10.1145/1173706.1173723},
 acmid = {1173723},
 publisher = {ACM},
 address = {New York, NY, USA},
 keywords = {assertions, contracts, heap shape, linear logic},
}

@inproceedings{Boogie,
 author = {Barnett, Mike and Chang, Bor-Yuh Evan and DeLine, Robert and Jacobs, Bart and Leino, K. Rustan M.},
 title = {Boogie: a modular reusable verifier for object-oriented programs},
 booktitle = {Proceedings of the 4th international conference on Formal Methods for Components and Objects},
 series = {FMCO'05},
 year = {2006},
 isbn = {3-540-36749-7, 978-3-540-36749-9},
 location = {Amsterdam, The Netherlands},
 pages = {364--387},
 numpages = {24},
 url = {http://dx.doi.org/10.1007/11804192_17},
 doi = {10.1007/11804192_17},
 acmid = {2090481},
 publisher = {Springer-Verlag},
 address = {Berlin, Heidelberg},
}

@inproceedings{Soot,
 author = {Vall{\'e}e-Rai, Raja and Co, Phong and Gagnon, Etienne and Hendren, Laurie and Lam, Patrick and Sundaresan, Vijay},
 title = {Soot - a Java bytecode optimization framework},
 booktitle = {Proceedings of the 1999 conference of the Centre for Advanced Studies on Collaborative research},
 series = {CASCON '99},
 year = {1999},
 location = {Mississauga, Ontario, Canada},
 pages = {13--},
 url = {http://dl.acm.org/citation.cfm?id=781995.782008},
 acmid = {782008},
 publisher = {IBM Press},
}

@inproceedings{NguyenRuntimeChecking,
 author = {Nguyen, Huu Hai and Kuncak, Viktor and Chin, Wei-Ngan},
 title = {Runtime checking for separation logic},
 booktitle = {Proceedings of the 9th international conference on Verification, model checking, and abstract interpretation},
 series = {VMCAI'08},
 year = {2008},
 isbn = {3-540-78162-5, 978-3-540-78162-2},
 location = {San Francisco, USA},
 pages = {203--217},
 numpages = {15},
 url = {http://dl.acm.org/citation.cfm?id=1787526.1787545},
 acmid = {1787545},
 publisher = {Springer-Verlag},
 address = {Berlin, Heidelberg},
} 

@inproceedings{JensenBirkedalESOP2012,
 author = {Jensen, Jonas Braband and Birkedal, Lars},
 title = {Fictional separation logic},
 booktitle = {Proceedings of the 21st European conference on Programming Languages and Systems},
 series = {ESOP'12},
 year = {2012},
 isbn = {978-3-642-28868-5},
 location = {Tallinn, Estonia},
 pages = {377--396},
 numpages = {20},
 url = {http://dx.doi.org/10.1007/978-3-642-28869-2_19},
 doi = {10.1007/978-3-642-28869-2_19},
 acmid = {2259267},
 publisher = {Springer-Verlag},
 address = {Berlin, Heidelberg},
 keywords = {local reasoning, modularity, separation logic},
} 

@inproceedings{Dinsdale-YoungVSTTE2010,
 author = {Dinsdale-Young, Thomas and Gardner, Philippa and Wheelhouse, Mark},
 title = {Abstraction and refinement for local reasoning},
 booktitle = {Proceedings of the Third international conference on Verified software: theories, tools, experiments},
 series = {VSTTE'10},
 year = {2010},
 isbn = {3-642-15056-X, 978-3-642-15056-2},
 location = {Edinburgh, UK},
 pages = {199--215},
 numpages = {17},
 url = {http://dl.acm.org/citation.cfm?id=1884866.1884888},
 acmid = {1884888},
 publisher = {Springer-Verlag},
 address = {Berlin, Heidelberg},
} 

@inproceedings{Krishnaswami-TLDI10,
 author = {Krishnaswami, Neel R. and Birkedal, Lars and Aldrich, Jonathan},
 title = {Verifying event-driven programs using ramified frame properties},
 booktitle = {Proceedings of the 5th ACM SIGPLAN workshop on Types in language design and implementation},
 series = {TLDI '10},
 year = {2010},
 isbn = {978-1-60558-891-9},
 location = {Madrid, Spain},
 pages = {63--76},
 numpages = {14},
 url = {http://doi.acm.org/10.1145/1708016.1708025},
 doi = {10.1145/1708016.1708025},
 acmid = {1708025},
 publisher = {ACM},
 address = {New York, NY, USA},
 keywords = {dataflow, frame rule, functional reactive programming, ramification problem, separation logic, subject-observer},
} 

@INPROCEEDINGS(KC88,
 author = {Michael F. Kleyn and Indranil Chakravarty},
 title = "{EDGE -- a graph based tool for specifying interaction}",
 booktitle = {ACM SIGGRAPH Symposium on User Interface Software},
 year = {1988},
 pages = {1--14}
)

@INPROCEEDINGS(KDV02,
 author = {Koning, Henk and Dormann, Claire and {van Vliet}, Hans},
 title = "{Practical Guidelines for the Readability of IT-Architecture Diagrams}",
 booktitle = sigdoc,
 year = {2002},
 pages = {90--99}
)

@INPROCEEDINGS(Kem03,
 author = {Richard A. Kemmerer},
 title = {Cybersecurity},
 booktitle = {Intl. Conference on Software Engineering},
 year = {2003},
 pages = {705--715}
)

@INPROCEEDINGS(KET+07,
 author = {Adam Kie{\.z}un and Michael D. Ernst and Frank Tip and Robert M. Fuhrer},
 title = "{Refactoring for Parameterizing Java Classes}",
 booktitle =  icse ,
 year = {2007},
 pages = {437--446}
)

@INPROCEEDINGS(KG88,
 author = {Kleyn, Michael F. and Gingrich, Paul C.},
 title = "{GraphTrace: Understanding Object-Oriented Systems Using Concurrently Animated Views}",
 booktitle =  oopsla ,
 year = {1988},
 pages = {191--205}
)

@INPROCEEDINGS(KKS96,
 author = {Nils Klarlund and Jari Koistinen and Michael I. Schwartzbach},
 title = "{Formal Design Constraints}",
 booktitle =  oopsla ,
 year = {1996}
)

@INPROCEEDINGS(KM95,
 author = {Koskimies K. and M{\"o}ssenb{\"o}ck H.},
 title = "{Viewing Object-Oriented Programs Through Scenario Diagrams}",
 booktitle = {Workshop on Programming Languages and Software Tools},
 year = {1995},
 pages = {1--8}
)

@INPROCEEDINGS(KP07,
 author = {Jens Knodel and Daniel Popescu},
 title = "{A Comparison of Static Architecture Compliance Checking Approaches}",
 booktitle =  wicsa ,
 year = {2007}
)

@INPROCEEDINGS(KPS+99,
 author = {Krikhaar, Ren\'{e} L. and Postma, A. and Sellink, A. and Stroucken, M. and Verhoef, C.},
 title = "{A Two-Phase Process for Software Architecture Improvement}",
 booktitle = icsm,
 year = {1999},
 pages = {371--380}
)

@INPROCEEDINGS(KRS06,
 author = {Sumant Kowshik and Grigore Rosu and Lui Sha},
 title = "{Static Analysis to Enforce Safe Value Flow in Embedded Control Systems}",
 booktitle = {Intl. Conference on Dependable Systems and Networks},
 year = {2006},
 pages = {23--34}
)

@INPROCEEDINGS(KS03,
 author = {Rainer Koschke and Daniel Simon},
 title = "{Hierarchical Reflexion Models}",
 booktitle =  wcre,
 year = {2003},
 pages = {36}
)

@INPROCEEDINGS(KSS+02,
 author = {Kollman, R. and Selonen, P. and Stroulia, E. and Syst{\"a}, T. and Zundorf, A.},
 title = "{A Study on the Current State of the Art in Tool-Supported UML-Based Static Reverse Engineering}",
 booktitle =  wcre,
 year = {2002},
 pages = {22--32}
)

@INPROCEEDINGS(Lam04,
 author = {Axel van Lamsweerde},
 title = "{Elaborating Security Requirements by Construction of Intentional Anti-Models}",
 booktitle = {Intl. Conf. Softw. Engineering},
 year = {2004}
)

@INPROCEEDINGS(LBD02,
 author = {Torsten Lodderstedt and David A. Basin and J\"{u}rgen Doser},
 title = "{SecureUML: a UML-Based Modeling Language for Model-Driven Security}",
 booktitle = {Intl. Conference on the Unified Modeling Language},
 year = {2002},
 pages = {426--441}
)

@INPROCEEDINGS(LC94,
 author = {Linos, P.K. and Courtois, V.},
 title = "{A tool for understanding object-oriented program dependencies}",
 booktitle = iwpc,
 year = {1994},
 pages = {20--27}
)

@INPROCEEDINGS(LD01,
 author = {Lanza, Michele and Ducasse, St{\'e}phane},
 title = "{A Categorization of Classes based on the Visualization of their Internal Structure: the Class Blueprint}",
 booktitle =  oopsla ,
 year = {2001},
 pages = {300--311}
)

@INPROCEEDINGS(Lip04,
 author = {Steve Lipner},
 title = "{The Trustworthy Computing Security Development Lifecycle}",
 booktitle = {Annual Computer Security Applications Conference},
 year = {2004},
 pages = {2--13}
)

@INPROCEEDINGS(LLD98,
 author = {B. Lague and C. Leduc and M. Dagenais and A. Le Bon and E. Merlo},
 title = "{An Analysis Framework for Understanding Layered Software Architectures}",
 booktitle = {iwpc},
 year = {1998}
)

@INPROCEEDINGS(LLL98,
 author = {Lague, B. and Leduc, C. and Le Bon, A. and Merlo, E. and Dagenais, M.},
 title = "{An Analysis Framework for Understanding Layered Software Architectures}",
 booktitle = iwpc,
 year = {1998},
 pages = {37-44},
)

@INPROCEEDINGS(LM04,
 author = {Leino, K. Rustan M. and M{\"u}ller, Peter},
 title = "{Object Invariants In Dynamic Contexts}",
 booktitle =  ecoop ,
 year = {2004},
 pages = {491--516}
)

@INPROCEEDINGS(LM06,
 author = {Yin Liu and Ana Milanova},
 title = "{Static Analysis for Dynamic Coupling Measures}",
 booktitle = {Conference of the Center for Advanced Studies on Collaborative research},
 year = {2006},
 pages = {10}
)

@INPROCEEDINGS(LiuM07,
 author = {Liu, Yin and Milanova, Ana},
 title = "{Ownership and Immutability Inference for UML-based Object Access Control}",
 booktitle =  icse ,
 year = {2007},
 pages = {323--332}
)

@INPROCEEDINGS(LN95,
 author = {Lange, Danny B. and Nakamura, Yuichi},
 title = "{Interactive Visualization of Design Patterns Can Help in Framework Understanding}",
 booktitle =  oopsla ,
 year = {1995},
 pages = {342--357}
)

@INPROCEEDINGS(LN95b,
 author = {Lange, Danny B. and Nakamura, Yuichi},
 title = "{Program Explorer: a Program Visualizer for C++}",
 booktitle = {USENIX Conference on Object-Oriented Technologies (COOTS)},
 year = {1995}
)

@INPROCEEDINGS(LP06,
 author = {Lu, Yi and Potter, John},
 title = "{Protecting Representation with Effect Encapsulation}",
 booktitle =  popl ,
 year = {2006},
 pages = {359--371}
)

@INPROCEEDINGS(LPX07,
 author = {Yi Lu and John Potter and Jingling Xue},
 title = "{Validity Invariants and Effects}",
 booktitle =  ecoop ,
 year = {2007}
)

@INPROCEEDINGS(LPZ02,
 author = {K. Rustan M. Leino and Arnd Poetzsch-Heffter and Yunhong Zhou},
 title = "{Using Data Groups to Specify and Check Side Effects}",
 booktitle =  pldi ,
 year = {2002}
)

@INPROCEEDINGS(LR03,
 author = {Patrick Lam and Martin Rinard},
 title = "{A Type System and Analysis for the Automatic Extraction and Enforcement of Design Information}",
 booktitle =  ecoop ,
 year = {2003},
 pages = {275--302}
)

@INPROCEEDINGS(LRM03,
 author = {Hugo Leroux and Annya R{\'e}quil{\'e}-Romanczuk and Christine Mingins},
 title = "{JACOT: a Tool to Dynamically Visualise the Execution of Concurrent Java Programs}",
 booktitle = {International Conference on Principles and Practice of Programming in Java},
 year = {2003},
 pages = {201--206}
)

@INPROCEEDINGS(LTF00,
 author = {Labiche, Y. and Th{\'e}venod-Fosse, P. and Waeselynck, H. and Durand, M.-H.},
 title = "{Testing Levels for Object-Oriented Software}",
 booktitle =  icse ,
 year = {2000},
 pages = {136--145}
)

@INPROCEEDINGS(LWB99,
 author = {Gary T. Leavens and Tim Wahls and Albert L. Baker},
 title = "{Formal Semantics for Structured Analysis Style Data Flow Diagram Specification Languages}",
 booktitle = {SAC},
 year = {1999}
)

@INPROCEEDINGS(MBC02,
 author = {Todd Millstein and Colin Bleckner and Craig Chambers},
 title = "{Modular Typechecking for Hierarchically Extensible Datatypes and Functions}",
 booktitle =  icfp ,
 year = {2002},
 month =  oct ,
 location = "Pittsburgh, Pennsylvania"
)

@INPROCEEDINGS(MDR05,
 author = {Muccini, Henry and Dias, Marcio S. and Richardson, Debra J.},
 title = "{Towards Software Architecture-Based Regression Testing}",
 booktitle = {Workshop on Architecting Dependable Systems},
 year = {2005},
 pages = {1--7}
)

@INPROCEEDINGS(ME04,
 author = {McCamant, Stephen and Ernst, Michael D.},
 title = "{Early Identification of Incompatibilities in Multi-Component Upgrades}",
 booktitle =  ecoop ,
 year = {2004},
 pages = {440--464}
)

@INPROCEEDINGS(MF07,
 author = {Ma, Kin-Keung and Foster, Jeffrey S.},
 title = "{Inferring Aliasing and Encapsulation Properties for Java}",
 booktitle =  oopsla ,
 year = {2007}
)

@INPROCEEDINGS(MGH05,
 author = {Akhil Mehra and John Grundy and John Hosking},
 title = "{A Generic Approach to Supporting Diagram Differencing and Merging for Collaborative Design}",
 booktitle =  ase ,
 year = {2005}
)

@INPROCEEDINGS(MGR02,
 author = {Melnik, Sergey and Garcia-Molina, Hector and Rahm, Erhard},
 title = "{Similarity Flooding: a Versatile Graph Matching Algorithm and Its Application to Schema Matching}",
 booktitle = {International Conference on Data Engineering},
 year = {2002},
 pages = {117--128}
)

@INPROCEEDINGS(Mil05,
 author = {Milanova, Ana},
 title = "{Precise Identification of Composition Relationships for UML Class Diagrams}",
 booktitle =  ase,
 year = {2005},
 pages = {76--85}
)

@INPROCEEDINGS(Mit06,
 author = {Mitchell, Nick},
 title = "{The Runtime Structure of Object Ownership}",
 booktitle =  ecoop,
 year = {2006},
 pages = {57--64}
)

@INPROCEEDINGS(MK96,
 author = {Jeff Magee and Jeff Kramer},
 title = "{Dynamic Structure in Software Architectures}",
 booktitle =  fse,
 year = {1996},
 pages = {3--14}
)

@INPROCEEDINGS(MKY06,
 author = {Mandelin, David and Kimelman, Doug and Yellin, Daniel},
 title = "{A Bayesian Approach to Diagram Matching with Application to Architectural Models}",
 booktitle =  icse,
 year = {2006}
)

@INPROCEEDINGS(MNS95,
 author = {Gail Murphy and David Notkin and Kevin Sullivan},
 title = "{Software Reflexion Models: Bridging the Gap between Source and High-Level Models}",
 booktitle =  fse,
 year = {1995},
 pages = {18--28}
)

@INPROCEEDINGS(MOR+96,
 author = {Medvidovic, Nenad and Oreizy, Peyman and Robbins, Jason E. and Taylor, Richard N.},
 title = "{Using Object-Oriented Typing to Support Architectural Design in the C2 Style}",
 booktitle =  fse ,
 year = {1996}
)

@INPROCEEDINGS(MP05,
 author = {Brian A. Malloy and James F. Power},
 title = "{Exploiting UML Dynamic Object Modeling for the Visualization of C++ programs}",
 booktitle = {ACM Symposium on Software Visualization (SoftVis)},
 year = {2005},
 pages = {105--114}
)

@INPROCEEDINGS(MP99,
 author = {M{\"u}ller, Peter and Poetzsch-Heffter, Arnd},
 title = "{Universes: a Type System for Controlling Representation Exposure}",
 booktitle = "Programming Languages and Fundamentals of Programming",
 year = {1999},
 editor = "A. Poetzsch-Heffter and J. Meyer"
)

@INPROCEEDINGS(MQR+97,
 author = {Mark Moriconi and Xiaolei Qian and R. A. Riemenschneider and Li Gong},
 title = "{Secure Software Architectures}",
 booktitle = {IEEE Symposium on Security and Privacy},
 year = {1997},
 pages = {84}
)

@INPROCEEDINGS(MR07,
 author = {Peter M\"uller and Arsenii Rudich},
 title = "{Ownership Transfer in {U}niverse {T}ypes}",
 booktitle =  oopsla ,
 year = {2007}
)

@INPROCEEDINGS(MV05,
 author = {Mens, Tom and Van Gorp, Pieter},
 title = "{A Taxonomy of Model Transformation}",
 booktitle = {Proc. Int'l Workshop on Graph and Model Transformation},
 year = {2005}
)

%TODO: Cite me.
@INPROCEEDINGS(NAC+97,
 author = {Gleb Naumovich and George S. Avrunin and Lori A. Clarke and Leon J. Osterweil},
 title = "{Applying Static Analysis to Software Architectures}",
 booktitle = esecfse,
 year = {1997},
 pages = {77--93}
)

@INPROCEEDINGS(NBT+03,
 author = {James Noble and Robert Biddle and Ewan Tempero and Alex Potanin and Dave Clarke},
 title = "{Towards a Model of Encapsulation}",
 booktitle =  iwaco ,
 year = {2003}
)

@INPROCEEDINGS(NCP99,
 author = {Noble, James and Clarke, David and Potter, John},
 title = "{Object Ownership for Dynamic Alias Protection}",
 booktitle = {Technology of Object-Oriented Languages and Systems (TOOLS)},
 year = {1999},
 pages = {176--187}
)

@INPROCEEDINGS(NMB+04,
 author = {Nguyen, Tien N. and Munson, Ethan V. and Boyland, John T. and Thao, Cheng},
 title = "{Architectural Software Configuration Management in Molhado}",
 booktitle = icsm,
 year = {2004},
 pages = {296--305}
)

@INPROCEEDINGS(Nob02,
 author = {Noble, James},
 title = "{Visualising Objects: Abstraction, Encapsulation, Aliasing, and Ownership}",
 booktitle = {Revised Lectures on Software Visualization, International Seminar},
 year = {2002},
 pages = {58--72}
)

@INPROCEEDINGS(NSC+07,
 author = {Shiva Nejati and Mehrdad Sabetzadeh and Marsha Chechik and Steve Easterbrook and Pamela Zave},
 title = "{Matching and Merging of Statecharts Specifications}",
 year = {2007},
 pages = {54--64},
 journal = "icse"
)

@INPROCEEDINGS(NVP98,
 author = {James Noble and Jan Vitek and John Potter},
 title = "{Flexible Alias Protection}",
 booktitle =  ecoop ,
 year = {1998}
)

@INPROCEEDINGS(OJ97,
 author = {O'Callahan, Robert and Jackson, Daniel},
 title = "{Lackwit: a Program Understanding Tool Based on Type Inference}",
 booktitle =  icse ,
 year = {1997},
 pages = {338--348}
)

@INPROCEEDINGS(OMT98,
 author = {Peyman Oreizy and Nenad Medvidovic and Richard N. Taylor},
 title = "{Architecture-Based Runtime Software Evolution}",
 booktitle =  icse,
 year = {1998}
)

@INPROCEEDINGS(OS02,
 author = {Oechsle, Rainer and Schmitt, Thomas},
 title = "{JAVAVIS: Automatic Program Visualization with Object and Sequence Diagrams using the Java Debug Interface (JDI)}",
 booktitle = {Revised Lectures on Software Visualization, International Seminar},
 year = {2002},
 pages = {176--190}
)

@INPROCEEDINGS(OWK03,
 author = {Ohst, Dirk and Welle, Michael and Kelter,Udo},
 title = "{Differences between Versions of UML Diagrams}",
 booktitle = esecfse,
 year = {2003},
 pages = {227--236}
)

@INPROCEEDINGS(PDP+07,
 author = {Damien Pollet and Stephane Ducasse and Loic Poyet and Ilham Alloui and Sorana Cimpan and Herve Verjus},
 title = "{Towards a Process-Oriented Software Architecture Reconstruction Taxonomy}",
 booktitle = csmr,
 year = {2007},
 pages = {137--148}
)

%NOTE: This supersedes PDP+07
@article{DP09,
  author       = {Ducasse, St\'ephane and Pollet, Damien},
  journal      = tse,
  title        = "{Software Architecture Reconstruction: A Process-Oriented Taxonomy}",
  Year         = {2009},
  volume       = {35},
  number       = {4},
  pages        = {573--591}
}


@INPROCEEDINGS(PN02,
 author = {Potanin, Alex and Noble, James},
 title = "{Checking Ownership and Confinement Properties}",
 booktitle = ftfjp,
 year = {2002}
)

@INPROCEEDINGS(PNC+04,
 author = {Alex Potanin and James Noble and Dave Clarke and Robert Biddle},
 title = "{Featherweight Generic Confinement}",
 booktitle =  fool ,
 year = {2004}
)

@INPROCEEDINGS(PNC+06,
 author = {Potanin, Alex and Noble, James and Clarke, Dave and Biddle, Robert},
 title = "{Generic Ownership for Generic Java}",
 booktitle =  oopsla ,
 year = {2006},
 pages = {397--412}
)

@INPROCEEDINGS(PNC98,
 author = {John Potter and James Noble and David Clarke},
 title = "{The Ins and Outs of Objects}",
 booktitle =  aswec,
 year = {1998},
 pages = {80--89}
)

@INPROCEEDINGS(PR97,
 author = {Jan Philipps and Bernhard Rumpe},
 title = "{Refinement of Information Flow Architectures}",
 booktitle = {Intl. Conference on Formal Engineering Methods},
 year = {1997},
 pages = {203--212}
)

@INPROCEEDINGS(PRW03,
 author = {Pacione, Michael J. and Roper, Marc and Wood, Murray},
 title = "{A Comparative Evaluation of Dynamic Visualisation Tools}",
 booktitle =  wcre ,
 year = {2003},
 pages = {80 -- 89}
)

@INPROCEEDINGS(PRW04,
 author = {Pacione, Michael J. and Roper, Marc and Wood, Murray},
 title = "{A Novel Software Visualisation Model to Support Software Comprehension}",
 booktitle =  wcre ,
 year = {2004},
 pages = {70--79}
)

@INPROCEEDINGS(RD99,
 author = {Richner, Tamar and Ducasse, Stephane},
 title = "{Recovering High-Level Views of Object-Oriented Applications from Static and Dynamic Information}",
 booktitle =  icsm ,
 year = {1999},
 pages = {13--22}
)

@INPROCEEDINGS(Rei06,
 author = {Steven P. Reiss},
 title = "{Visualizing Program Execution using User Abstractions}",
 booktitle = {ACM Symposium on Software Visualization (SoftVis)},
 year = {2006},
 pages = {125--134}
)

@INPROCEEDINGS(Rey02,
 author = {John C. Reynolds},
 title = "{Separation Logic: a Logic for Shared Mutable Data Structures}",
 booktitle =  lics ,
 year = {2002}
)

@INPROCEEDINGS(Rey83,
 author = {John C. Reynolds},
 title = "{Types, Abstraction, and Parametric Polymorphism}",
 booktitle = "Information Processing",
 year = {1983},
 location = "Amsterdam"
)

@INPROCEEDINGS(Rie97,
 author = {Riehle, Dirk},
 title = "{Composite Design Patterns}",
 booktitle =  oopsla ,
 year = {1997},
 pages = {218--228}
)

@INPROCEEDINGS(RK02,
 author = {T. Rotschke and Ren\'{e} L. Krikhaar},
 title = "{Architecture Analysis Tools to Support Evolution of Large Industrial Systems}",
 booktitle =  icsm ,
 year = {2002}
)

@INPROCEEDINGS(RM07,
 author = {Derek Rayside and Lucy Mendel},
 title = "{Object Ownership Profiling: a Technique for Finding and Fixing Memory Leaks}",
 booktitle =  ase ,
 year =  2007
)

@INPROCEEDINGS(RMG07,
 author = {Roshanak Roshandel and Nenad Medvidovic and Leana Golubchik},
 title = "{A Bayesian Model for Predicting Reliability of Software Systems at the Architectural Level}",
 booktitle = {International Conference on Quality of Software Architectures},
 year = {2007}
)

@INPROCEEDINGS(RMJ06,
 author = {Rayside, Derek and Mendel, Lucy and Jackson, Daniel},
 title = "{A Dynamic Analysis for Revealing Object Ownership and Sharing}",
 booktitle = {Workshop on Dynamic Analysis (WODA)},
 year = {2006},
 pages = {57--64}
)

@INPROCEEDINGS(RMSJ05,
 author = {Rayside, Derek and Mendel, Lucy and Seater, Robert and Jackson, Daniel},
 title = "{An Analysis and Visualization for Revealing Object Sharing}",
 booktitle = {Eclipse Technology eXchange (ETX)},
 year = {2005},
 pages = {11--15}
)

@INPROCEEDINGS(RR02,
 author = {Riva, Claudio and Rodriguez, Jordi Vidal},
 title = "{Combining Static and Dynamic Views for Architecture Reconstruction}",
 booktitle = csmr,
 year = {2002},
 pages = {47}
)

@INPROCEEDINGS(RR05,
 author = {Steven P. Reiss and Manos Renieris},
 title = "{Jove: Java as it Happens}",
 booktitle = {ACM Symposium on Software Visualization},
 year = {2005},
 pages = {115--124},
 location = "St. Louis, Missouri"
)

@INPROCEEDINGS(RRL+04,
 author = {Raghavan, Shruti and Rohana, Rosanne and Leon, David and Podgurski, Andy and Augustine, Vinay},
 title = "{Dex: a Semantic-Graph Differencing Tool for Studying Changes in Large Code Bases}",
 booktitle = icsm,
 year = {2004},
 pages = {188--197}
)

@INPROCEEDINGS(RSM+04,
 author = {Roshanak Roshandel and Bradley Schmerl and Nenad Medvidovic and David Garlan and Dehua Zhang},
 title = "{Understanding Tradeoffs among Different Architectural Modeling Approaches}",
 booktitle = wicsa,
 year = {2004},
 pages = {47--56}
)

@INPROCEEDINGS(RT05,
 author = {Jie Ren and Richard Taylor},
 title = "{A Secure Software Architecture Description Language}",
 booktitle = {Workshop on Softw. Security Assurance Tools, Techniques, and Metrics},
 year = {2005}
)

@INPROCEEDINGS(RTD+05,
 author = {Jie Ren and Richard Taylor and Paul Dourish and David Redmiles},
 title = "{Towards an Architectural Treatment of Software Security: a Connector-Centric Approach}",
 booktitle = {Workshop on Softw. Eng. for Secure Systems},
 year = {2005},
 pages = {1--7}
)

@INPROCEEDINGS(RVR05,
 author = {Rountev, Atanas and Volgin, Olga and Reddoch, Miriam},
 title = "{Static Control-Flow Analysis for Reverse Engineering of UML Sequence Diagrams}",
 booktitle =  paste,
 pages = {96--102},
 year = {2005}
)

@INPROCEEDINGS(SBM01,
 author = {Storey, Margaret-Anne and Best, Casey and Michaud, Jeff},
 title = "{SHriMP Views: An Interactive Environment for Exploring Java Programs}",
 booktitle =  iwpc ,
 year = {2001},
 pages = {111--112}
)

@INPROCEEDINGS(SC03,
 author = {Nary Subramanian and L. Chung},
 title = "{Process-Oriented Metrics for Software Architecture Evolvability}",
 booktitle = {International Workshop on Principles of Software Evolution},
 year = {2003},
 pages = {65--70}
)

@INPROCEEDINGS(SRG+08,
 author = {Jan Sch{\"a}fer and Markus Reitz and Jean-Marie Gaillourdet and Arnd Poetzsch-Heffter},
 title = "{Linking Programs to Architectures: An Object-Oriented Hierarchical Software Model based on Boxes}",
 booktitle = {The Common Component Modeling Example: Comparing Software Component Models},
 year =  2008,
 series = {LNCS},
 pages = {238--266},
 publisher = {Springer}
)

@article{MullerLayered,
 author = {M\"{u}ller, Peter and Poetzsch-Heffter, Arnd and Leavens, Gary T.},
 title = {Modular invariants for layered object structures},
 journal = {Sci. Comput. Program.},
 issue_date = {15 October 2006},
 volume = {62},
 number = {3},
 month = oct,
 year = {2006},
 issn = {0167-6423},
 pages = {253--286},
 numpages = {34},
 url = {http://dx.doi.org/10.1016/j.scico.2006.03.001},
 doi = {10.1016/j.scico.2006.03.001},
 acmid = {1167620},
 publisher = {Elsevier North-Holland, Inc.},
 address = {Amsterdam, The Netherlands, The Netherlands},
 keywords = {JML, invariant, modular verification, object-oriented programming, ownership, visibility},
} 

@incollection{considerate,
year={2010},
isbn={978-3-642-11318-5},
booktitle={Verification, Model Checking, and Abstract Interpretation},
volume={5944},
series={Lecture Notes in Computer Science},
editor={Barthe, Gilles and Hermenegildo, Manuel},
doi={10.1007/978-3-642-11319-2_24},
title={Considerate Reasoning and the Composite Design Pattern},
url={http://dx.doi.org/10.1007/978-3-642-11319-2_24},
publisher={Springer Berlin Heidelberg},
author={Summers, AlexanderJ. and Drossopoulou, Sophia},
pages={328-344}
}

@article{Leavens2005185,
title = "How the design of JML accommodates both runtime assertion checking and formal verification",
journal = "Science of Computer Programming",
volume = "55",
number = "1–3",
pages = "185 - 208",
year = "2005",
note = "<ce:title>Formal Methods for Components and Objects: Pragmatic aspects and applications</ce:title>",
issn = "0167-6423",
doi = "10.1016/j.scico.2004.05.015",
url = "http://www.sciencedirect.com/science/article/pii/S0167642304001509",
author = "Gary T. Leavens and Yoonsik Cheon and Curtis Clifton and Clyde Ruby and David R. Cok",
keywords = "Specification languages",
keywords = "Runtime assertion checking",
keywords = "Formal methods",
keywords = "Program verification",
keywords = "Programming by contract",
keywords = "Java language",
keywords = "JML language"
}

@incollection{JML,
year={2006},
isbn={978-3-540-36749-9},
booktitle={Formal Methods for Components and Objects},
volume={4111},
series={Lecture Notes in Computer Science},
editor={Boer, FrankS. and Bonsangue, MarcelloM. and Graf, Susanne and Roever, Willem-Paul},
doi={10.1007/11804192_16},
title={Beyond Assertions: Advanced Specification and Verification with JML and ESC/Java2},
url={http://dx.doi.org/10.1007/11804192_16},
publisher={Springer Berlin Heidelberg},
author={Chalin, Patrice and Kiniry, JosephR. and Leavens, GaryT. and Poll, Erik},
pages={342-363}
}

@INPROCEEDINGS(SDN00,
 author = {Demeyer, Serge and Ducasse, St{\'e}phane and Nierstrasz, Oscar},
 title = "{Finding Refactorings via Change Metrics}",
 booktitle =  oopsla ,
 year = {2000},
 pages = {166--177}
)

@INPROCEEDINGS(SE94,
 author = {Amitabh Srivastava and Alan Eustace},
 title = "{ATOM: a System for Building Customized Program Analysis Tools}",
 booktitle = {Prog. Lang. Design and Impl. (PLDI)},
 year = {1994}
)

@INPROCEEDINGS(SG04,
 author = {Schmerl, Bradley and Garlan, David},
 title = "{AcmeStudio: Supporting Style-Centered Architecture Development}",
 booktitle =  icse ,
 year = {2004},
 pages = {704--705}
)

@INPROCEEDINGS(SG98,
 author = {Spitznagel, Bridget and Garlan, David},
 title = "{Architecture-Based Performance Analysis}",
 booktitle = {Conference on Software Engineering and Knowledge Engineering},
 year = {1998}
)

@INPROCEEDINGS(SGC+01,
 author = {Kevin J. Sullivan and William G. Griswold and Yuanfang Cai and Ben Hallen},
 title = "{The Structure and Value of Modularity in Software Design}",
 booktitle =  fse ,
 year = {2001},
 pages = {99-108}
)

@INPROCEEDINGS(SHJ+02,
 author = {Oleg Sheyner and Joshua Haines and Somesh Jha and Richard Lippmann and Jeannette M. Wing},
 title = "{Automated Generation and Analysis of Attack Graphs}",
 booktitle = {IEEE Symp. Security and Privacy},
 year = {2002}
)

@INPROCEEDINGS(SJV+05,
 author = {Neeraj Sangal and Ev Jordan and Vineet Sinha and Daniel Jackson},
 title = "{Using Dependency Models to Manage Complex Software Architecture}",
 booktitle =  oopsla ,
 year = {2005}
)

@INPROCEEDINGS(SK03,
 author = {Sartipi, Kamran and Kontogiannis, Kostas},
 title = "{On Modeling Software Architecture Recovery as Graph Matching}",
 booktitle =  icsm ,
 year = {2003},
 pages = {224--234}
)

@INPROCEEDINGS(SM02,
 author = {Michael P. Smith and Malcolm Munro},
 title = "{Runtime Visualisation of Object Oriented Software}",
 booktitle = {VISSOFT},
 year = {2002}
)

@INPROCEEDINGS(SM04,
 author = {Maher Salah and Spiros Mancoridis},
 title = "{A Hierarchy of Dynamic Software Views: From Object-Interactions to Feature-Interactions}",
 booktitle =  icsm ,
 year = {2004}
)

@INPROCEEDINGS(Smi05,
 author = {Smith, Matthew},
 title = "{Towards an Effects System for Ownership Domains}",
 booktitle =  ftfjp,
 year = {2005},
 LOCATION = "Glasgow, Scotland"
)

%TODO: LOW. Cite me
@INPROCEEDINGS(SMM06,
    author = {Friedrich Steimann and Philip Mayer and Andreas Mei\ssner},
    title = "{Decoupling Classes with Inferred Interfaces}",
    booktitle = {ACM Symposium on Applied computing (SAC)},
    year = {2006}
)

@INPROCEEDINGS(SMS01,
 author = {Tim Souder and Spiros Mancoridis and Maher Salah},
 title = "{Form: a Framework for Creating Views of Program Executions}",
 booktitle = icsm,
 year = {2001}
)

@INPROCEEDINGS(SMW98,
 author = {Storey, Margaret-Anne D. and M{\"u}ller, Hausi A. and Wong, Kenny},
 title = "{Manipulating and Documenting Software Structures}",
 booktitle = {Software Visualization},
 year = {1998},
 editor = {P. Eades and K. Zhang},
 volumne = "7"
)

@INPROCEEDINGS(SNH95,
 author = {Dilip Soni and Robert L. Nord and Christine Hofmeister},
 title = "{Software Architecture in Industrial Applications}",
 booktitle = icse,
 year = {1995},
 pages = {196--207}
)

@INPROCEEDINGS(SOV02,
 author = {C. Stoermer and L. O'Brien and C. Verhoef},
 title = "{Practice Patterns for Architecture Reconstruction}",
 booktitle =  wcre,
 year = {2002},
 pages = {151},
)

%TODO: DO NOT CITE. Cite SP07
@INPROCEEDINGS(SP06,
 author = {Sch{\"a}fer, Jan and {Poetzsch-Heffter}, Arnd},
 title = "{Simple Loose Ownership Domains}",
 booktitle = ftfjp,
 year = {2006}
)

@INPROCEEDINGS(SR06,
 author = {Shi, Nija and Olsson, Ronald A. },
 title = "{Reverse Engineering of Design Patterns from Java Source Code}",
 booktitle =  ase,
 year = {2006},
 pages = {123--134}
)

@INPROCEEDINGS(SSC96,
 author = {Sefika, Mohlalefi and Sane, Aamod and Campbell, Roy H.},
 title = "{Architecture-Oriented Visualization}",
 booktitle =  oopsla ,
 year = {1996},
 pages = {389--405}
)

@INPROCEEDINGS(SSC96b,
 author = {Mohlalefi Sefika and Aamod Sane and Roy H. Campbell},
 title = "{Monitoring Compliance of a Software System with its High-Level Design Models}",
 booktitle =  icse ,
 year = {1996},
 pages = {387--396}
)

@INPROCEEDINGS(SSW96,
 author = {R. Schwanke and V. Strack and T. Werthmann-Auzinger},
 title = "{Industrial software architecture with Gestalt}",
 booktitle = {Inl. Work. on Software Specification and Design},
 year = {1996}
)

@INPROCEEDINGS(ST02,
 author = {Gregor Snelting and Frank Tip},
 title = "{Semantics-based Composition of Class Hierarchies}",
 booktitle =  ecoop ,
 year = {2002},
 month =  jun ,
 location = "Malaga, Spain"
)

@INPROCEEDINGS(SvG98,
 author = {Seemann, Jochen and von Gudenberg, J{\"u}rgen Wolff},
 title = "{Pattern-Based Design Recovery of Java Software}",
 booktitle =  fse ,
 year = {1998},
 pages = {10--16}
)

@INPROCEEDINGS(TGW+03,
 author = {Turner, Christopher J. and Graham, T.C. Nicholas and Wolfe, Christopher and Ball, Julian and Holman, David and Stewart, Hugh D. and Ryman, Arthur G.},
 title = "{Visual Constraint Diagrams: Runtime Conformance Checking of UML Object Models versus Implementations}",
 booktitle =  ase,
 year = {2003},
 pages = {271--276}
)

@INPROCEEDINGS(TKB03,
 author = {Frank Tip and Adam Kie{\.z}un and Dirk B{\"a}umer},
 title = "{Refactoring for Generalization using Type Constraints}",
 booktitle =  oopsla ,
 year = {2003},
 pages = {13--26}
)

@INPROCEEDINGS(TMR02,
 author = {Telea, Alexandru and Maccari, Alessandro and Riva, Claudio},
 title = "{An Open Visualization Toolkit for Reverse Architecting}",
 booktitle = iwpc,
 year = {2002},
 pages = {3--10}
)

@INPROCEEDINGS(TS02,
 author = {Tilevich, Eli and Smaragdakis, Yannis},
 title = "{J-Orchestra: Automatic Java Application Partitioning}",
 booktitle =  ecoop,
 year = {2002},
 pages = {178--204}
)

%TODO: HIGH. Cite me.
@INPROCEEDINGS(vDHK+04,
 author = {Arie van Deursen and Christine Hofmeister and Rainer Koschke and Leon Moonen and Claudio Riva},
 title = "{Symphony: View-Driven Software Architecture Reconstruction}",
 booktitle =  wicsa ,
 year = {2004},
 pages = {122--132}
)

%TODO: HIGH. Cite me.
@INPROCEEDINGS{Fav04,
    author={Favre, Jean-Marie},
    title="{CaCOphoNy: metamodel-driven software architecture reconstruction}",
    booktitle=wcre,
    year={2004},
    pages={204--213}
}



@INPROCEEDINGS(VS97,
 author = {Dennis M. Volpano and Geoffrey Smith},
 title = "{A Type-Based Approach to Program Security}",
 booktitle = {Intl. Joint Conference CAAP/FASE on Theory and Practice of Software Development},
 year = {1997},
 pages = {607--621}
)

@INPROCEEDINGS(Wen03,
 author = {Wendehals, Lothar},
 title = "{Improving Design Pattern Instance Recognition by Dynamic Analysis}",
 booktitle = {Workshop on Dynamic Analysis (WODA)},
 year = {2003}
)

@INPROCEEDINGS(WH02,
 author = {van der Westhuizen, Christopher and van der Hoek, Andr{\'e}},
 title = "{Understanding and Propagating Architectural Changes}",
 booktitle = wicsa,
 year = {2002},
 pages = {95--109}
)

@INPROCEEDINGS(WM00,
 author = {David Walker and Greg Morrisett},
 title = "{Alias Types for Recursive Data Structures}",
 booktitle =  tic ,
 year = {2000},
 LOCATION = "Montreal, Canada"
)

@INPROCEEDINGS(WMF+98,
 author = {Walker, Robert J. and Murphy, Gail C. and Freeman-Benson, Bjorn and Wright, Darin and Swanson, Darin and Isaak, Jeremy},
 title = "{Visualizing Dynamic Software System Information through High-Level Models}",
 booktitle =  oopsla ,
 year = {1998},
 pages = {271--283}
)

@INPROCEEDINGS(WS98,
 author = {Lloyd G. Williams and Connie U. Smith},
 title = "{Performance evaluation of software architectures}",
 booktitle = {International Workshop on Software and Performance (WOSP)},
 year = {1998},
 pages = {164--177}
)

@INPROCEEDINGS(XS05,
 author = {Xing, Zhenchang and Stroulia, Eleni},
 title = "{UMLDiff: an Algorithm for Object-Oriented Design Differencing}",
 booktitle = ase,
 year = {2005},
 pages = {54--65}
)

@INPROCEEDINGS(YM98,
 author = {P. Young and M. Munro},
 title = "{Visualizing Software in Virtual Reality}",
 booktitle =  iwpc ,
 year = {1998},
 pages = {19}
)

@INPROCEEDINGS(ZG05,
 author = {Xiangyu Zhang and Rajiv Gupta},
 title = "{Matching Execution Histories of Program Versions}",
 booktitle = esecfse,
 year = {2005},
 pages = {197--206}
)

@INPROCEEDINGS(ZZ02,
 author = {Zimmermann, Thomas and Zeller, Andreas},
 title = "{Visualizing Memory Graphs}",
 booktitle = {Revised Lectures on Software Visualization, International Seminar},
 year = {2002},
 pages = {191--204}
)

@MASTERSTHESIS(Hae05,
 author = {H{\"a}chler, Thomas},
 title = "{Applying the Universe Type System to an Industrial Application: Case Study}",
 school = {Department of Computer Science, Federal Institute of Technology Zurich},
 year = {2005}
)

@MASTERSTHESIS(Jim05,
 author = {Jimenez, A. M.},
 title = "{Change Propagation in the MDA: a Model Merging Approach}",
 school = {University of Queesland},
 year = {2005}
)

@MASTERSTHESIS(Nae06,
 author = {N{\"a}geli, Stefan},
 title = "{Ownership in Design Patterns}",
 school = {Department of Computer Science, Federal Institute of Technology Zurich},
 year = {2006}
)

@MASTERSTHESIS(Wai01,
 author = {Waingold, Allison},
 title = "{Automatic Extraction of Abstract Object Models}",
 school = {Department of Electrical Engineering and Computer Science, MIT},
 year = {2001}
)

@MASTERSTHESIS(Wre03,
 author = {Wren, Alisdair},
 title = "{Ownership Type Inference}",
 school = {Department of Computing, Imperial College},
 year = {2003}
)

@MISC(AA04,
 author = {Atkins, D. and Austein, R.},
 title = "{Threat Analysis of the Domain Name System (DNS)}",
 howpublished = {RFC 3833},
 year = {2004}
)

@TECHREPORT(AA07c,
 author = {{Abi-Antoun}, Marwan and Aldrich, Jonathan},
 title = "{Checking and Measuring the Architectural Structural Conformance of Object-Oriented Systems}",
 institution = {Carnegie Mellon University},
 number = {CMU-ISRI-07-119R},
 year = {2007}
)

@TECHREPORT(note-distributed-computing,
 author = {Jim Waldo and Geoff Wyant and Ann Wollrath and Samuel C. Kendall},
 title = "{A Note on Distributed Computing}",
 institution = {Sun Microsystems},
 number = {TR-94-29},
 year = {1994}
)

@Misc{GKK+08,
 author = {Bernhard Gr{\"o}ne and Andreas Kn{\"o}pfel and Rudolf Kugel and Oliver Schmidt},
 title = "{The Apache Modeling Project}",
 howpublished = {\url{http://www.fmc-modeling.org/projects/apache}},
 year = 2008
}

@MISC(Coo05,
 author = {Cooper, Will},
 title = "{Interactive Ownership Type Inference}",
 howpublished = {Senior Thesis, Carnegie Mellon University},
 year = {2005}
)

@MISC(Cor06,
 title = "{CORAS}",
 howpublished = {\url{http://coras.sourceforge.net}},
 year = {2006},
 _key = {Cor06}
)

@MISC(Dav04,
 author = {Thomas, David},
 title = "{Decoupling Your Code}",
 howpublished = {\url{http://www.cjug.org/presentations/2004/}},
 year = {2004}
)

@MISC(Dro06,
 author = {Sophia Drossopoulou},
 title = "{The Benefits of Putting Objects into Boxes}",
 howpublished = {ESOP Invited Talk},
 year = {2006}
)

@MISC(Ecl03,
 author = {{Object Technology International, Inc.}},
 title = "{Eclipse Platform Technical Overview}",
 howpublished = {\url{http://www.eclipse.org/whitepapers/eclipse-overview.pdf}},
 year = {2003}
)

@MISC(FB07,
 author = {{University of Maryland}},
 title = "{FindBugs\texttrademark -- Find Bugs in Java Programs}",
 howpublished = {\url{http://findbugs.sourceforge.net/}},
 year = {2007}
)

@MISC(Fow04,
 author = {Fowler, Martin},
 title = "{UML Sketching Tools}",
 howpublished = {\url{http://martinfowler.com/bliki/UmlSketchingTools.html}},
 year = {2004}
)

@MISC(Acme,
 author = {Acme},
 title = "{Acme architectural description language}",
 howpublished = {\url{www.cs.cmu.edu/~acme}},
 year = {2009}
)

@MISC(xADL,
 author = {xADL},
 title = "{xADL architectural description language}",
 howpublished = {\url{http://www.isr.uci.edu/projects/xarchuci/}},
 year = {2009}
)

@MISC(AcmeStudio,
 author = {AcmeStudio},
 title = "{AcmeStudio}",
 howpublished = {\url{www.cs.cmu.edu/~acme/AcmeStudio/index.html}},
 year = {2009}
)



@MISC(Gut98,
 author = {Peter Gutmann},
 title = "{Secure Internet-based Electronic Commerce: The View from Outside the US}",
 year = {1998}
)

%TODO: HIGH. Cite me.
@MISC(Headway08,
 author = {{Headway Software}},
 title = "{Structure 101}",
 howpublished = {\url{http://www.headwaysoftware.com/}},
 year = {2008}
)

@MISC(J2EE,
 author = {{Sun Microsystems}},
 title = "{J2EE Tutorials. Dukes Bank. \url{http://java.sun.com/j2ee/tutorial/1_3-fcs/doc/Ebank2.html}}",
 year = {2006}
)

@MISC(Jav06,
 author = {Javari Team},
 title = "{Annotation Index File Specification}",
 howpublished = {\url{http://pag.csail.mit.edu/jsr308/index-file-format.pdf}},
 year = {2006}
)

@MISC(JHD,
 title = "{JHotDraw}",
 howpublished = {\url{www.jhotdraw.org}},
 year = {1996},
 note = {Version 5.3},
 __key = {JHD}
)

@MISC(JHD07,
 author = {{Abi-Antoun}, Marwan and Aldrich, Jonathan},
 title = "{JHotDraw 5.3 Annotated}",
 howpublished = {\url{http://www.cs.cmu.edu/~mabianto/jhd/}},
 year = {2007}
)

@MISC(JRM03,
 title = "{JRM Tool}",
 howpublished = {\url{http://jrmtool.sourceforge.net}},
 year = {2003}
)

@Misc{JSR308,
  author =   "Michael D. Ernst and Danny Coward",
  title =    "{JSR} 308: Annotations on {Java} types",
  howpublished = "\url{http://pag.csail.mit.edu/jsr308/}",
  year =     2006,
  _key = {EC06}
}

@MISC{Kai01,
  author =       {Wolfram Kaiser},
  title =        "{Become a programming Picasso with JHotDraw}",
  howpublished = {JavaWorld},
  month = feb,
  year =         {2001},
}

@MISC(Lattix08,
 author = {{Lattix Inc}},
 title = "{LDM tool}",
 howpublished = {\url{http://www.lattix.com/}},
 year = {2008}
)

@MISC(LPC+07,
 author = {Leavens, Gary T. and Poll, Erik and Clifton, Curtis and Cheon, Yoonsik and Ruby, Clyde and Cok, David and M{\"u}ller, Peter and Kiniry, Joseph},
 title = "{JML Reference Manual}",
 howpublished = {\url{ftp://ftp.cs.iastate.edu/pub/leavens/JML/jmlrefman.pdf}},
 year = {2007}
)

@MISC(Mic95,
 author = {{Microsoft Corporation}},
 title = "{The Component Object Model Specification}",
 howpublished = {Version 0.9},
 year = {1995}
)

@MISC(MMVC,
 title = "{Model Model View Controller}",
 howpublished = {\url{c2.com/cgi/wiki?ModelModelViewController}},
 year = {2007},
 _key = {MMVC}
)

@MISC(Moc87,
 author = {Mockapetri, P.},
 title = "{Domain Names -- Implementation and Specification}",
 howpublished = {(RFC 1035)},
 year = {1987}
)

@MISC(Omo06,
 author = {Omondo},
 title = "{EclipseUML}",
 howpublished = {\url{http://www.omondo.com/}},
 year = {2006}
)

@MISC(OOG07,
 author = {{Abi-Antoun}, Marwan and Aldrich, Jonathan},
 title = "{Supporting Data}",
 howpublished = {\url{http://www.cs.cmu.edu/~mabianto/oog/}},
 year = {2007}
)

@MISC(Pot02,
 author = {Potanin, Alex},
 title = "{The Fox -- a Tool for Object Graph Analysis}",
 howpublished = {Honours Report, Computer Science, Victoria University of Wellington, New Zealand},
 year = {2002}
)

@MISC(OGJ,
 author = {OGJ},
 title = "{Ownership Generic Java (OGJ)}",
 howpublished = {\url{www.mcs.vuw.ac.nz/~alex/ogj/}},
 year = {2005}
)

@MISC(SLE05,
 author = {Paul Saitta and Brenda Larcom and Michael Eddington},
 title = "{Trike v1 Methodology Document}",
 howpublished = {\url{www.octotrike.org}},
 year = {2005}
)

%TODO: HIGH. Cite me.
@MISC(SoTo08,
 author = {Hello2morrow},
 title = "{Sotograph}",
 howpublished = {\url{http://www.hello2morrow.com/products/sotograph}},
 year = {2008}
)

@MISC(JSR175,
 author={Joshua Bloch},
 title = "{JSR 175: a Metadata Facility for the Java Programming Language}",
 howpublished = {\url{http://jcp.org/en/jsr/detail?id=175}},
 year = {2004},
 _key = {Blo04}
)

@MISC(Swi04,
 author = {Swiderski, F.},
 title = "{Threat Modeling Tool}",
 howpublished = {\url{www.microsoft.com/downloads}},
 month = {June},
 year = {2004}
)

@MISC(WL02,
 author = {Waingold, Allison and Lee, Robert},
 title = "{SuperWomble Manual}",
 howpublished = {\url{http://sdg.lcs.mit.edu/womble/}},
 year = {2002}
)

@PHDTHESIS(Ald03,
 author = {Jonathan Aldrich},
 title = "{Using Types to Enforce Architectural Structure}",
 school = "University of Washington",
 year = {2003},
 month =  aug ,
 location = "Seattle, Washington"
)

@PHDTHESIS(Bierhoff09:thesis,
 author = {Kevin Bierhoff},
 title = "{API Protocol Compliance in Object-Oriented Software}",
 school = "Carnegie Mellon University",
 year = {2009},
 month =  may ,
 location = "Pittsburgh, Pennsylvania"
)

@PHDTHESIS(Boy04,
 author = {Boyapati, Chandrasekhar},
 title = "{SafeJava: a Unified Type System for Safe Programming}",
 school = {Massachusetts Institute of Technology},
 year = {2004},
 month =  feb
)

@PHDTHESIS(Cla01,
 author = {David Clarke},
 title = "{Object Ownership \& Containment}",
 school = "University of New South Wales",
 year = {2001},
 month =  jul ,
 location = "Australia"
)

@PHDTHESIS(Mes96,
 author = {Messmer, B.T.},
 title = "{Efficient Graph Matching Algorithms for Preprocessed Model Graphs}",
 school = {University of Bern},
 year = {1996}
)

@PHDTHESIS(Mil03,
 author = {Milanova, Anna},
 title = "{Precise and Practical Flow Analysis of Object-Oriented Software}",
 school = {Rutgers University},
 year = {2003}
)

@PHDTHESIS(Mur96,
 author = {Gail C. Murphy},
 title = "{Lightweight Structural Summarization as an Aid to Software Evolution}",
 school = {University of Washington},
 year = {1996}
)

@PHDTHESIS(OCa01,
 author = {O'Callahan, Robert W.},
 title = "{Generalized Aliasing as a Basis for Program Analysis Tools}",
 school = {Carnegie Mellon University},
 year = {2001}
)

@PHDTHESIS(Pac05,
 author = {Pacione, Michael},
 title = "{A Novel Software Visualisation Model to Support Object-Oriented Program Comprehension}",
 school = {Department of Computer Science, University of Strathclyde},
 year = {2005}
)

@PHDTHESIS(Rie00,
 author = {Riehle, Dirk},
 title = "{Framework Design: a Role Modeling Approach}",
 school = {Federal Institute of Technology Zurich},
 year = {2000}
)

@PHDTHESIS(Spi02,
 author = {Spiegel, Andr{\'e}},
 title = "{Automatic Distribution of Object-Oriented Programs}",
 school = {FU Berlin},
 year = {2002}
)

@PHDTHESIS(Tou02,
 author = {Tourw{\'e}, Tom},
 title = "{Automated Support for Framework-Based Software Evolution}",
 school = {Departement Informatica, Vrije Universiteit Brussel},
 year = {2002}
)

@TECHREPORT(AA06,
 author = {{Abi-Antoun}, Marwan and Aldrich, Jonathan},
 title = "{JavaD: Bringing Ownership Domains to Mainstream Java}",
 institution = {Carnegie Mellon University},
 year = {2006},
 number = {CMU-ISRI-06-110},
 month =  may
)

@TECHREPORT(AWT06,
 author = {{Abi-Antoun}, Marwan and Wang, Daniel and Torr, Peter},
 title = "{Checking Threat Modeling Data Flow Diagrams for Implementation Conformance and Security}",
 institution = {Carnegie Mellon University},
 year = {2006},
 number = {CMU-ISRI-06-124},
 month =  sep
)

@TECHREPORT(FGH06,
 author = {Feiler, P.H. and Gluch, D. P. and Hudak, John J.},
 title = "{The Architecture Analysis \& Design Language (AADL)}",
 institution = {Software Engineering Institute},
 year = {2006},
 number = {CMU/SEI-2006-TN-011}
)

@TECHREPORT(KOV02,
 author = {Rick Kazman and Liam O'Brien and Chris Verhoef},
 title = "{Architecture Reconstruction Guidelines, Third Edition}",
 institution = {Software Engineering Institute},
 year = {2002},
 number = {CMU/SEI-2002-TR-034}
)

@TECHREPORT(MDR93,
 author = {Scott Meyers and Carolyn K. Duby and Steven P. Reiss},
 title = {Constraining the Structure and Style of Object-Oriented Programs},
 institution = {Brown University},
 year = {1993},
 address = {Providence, RI, USA}
)

@TECHREPORT(Mon01,
 author = {Monroe, Robert},
 title = "{Capturing Software Architecture Design Expertise with Armani}",
 institution = {Carnegie Mellon University},
 year = {2001},
 number = {CMU-CS-98-163R},
 month = {January}
)

@TECHREPORT(MP01,
 author = {M{\"u}ller, Peter and Poetzsch-Heffter, Arnd},
 title = "{ Universes: a Type System for Alias and Dependency Control}",
 institution = {Fernuniversit{\"a}t Hagen },
 year = {2001},
 number = { 279 }
)

@TECHREPORT(OSV02,
 author = {Liam O'Brien and Christoph Stoermer and Chris Verhoef},
 title = "{Software Architecture Reconstruction: Practice Needs and Current Approaches}",
 institution = {Software Engineering Institute},
 year = {2002},
 number = {CMU/SEI-2002-TR-024}
)

@TECHREPORT(STS05,
 author = {Srivastava, A. and Thiagarajan, J. and Schertz, C.},
 title = "{Efficient Integration Testing using Dependency Analysis}",
 institution = {Microsoft Research},
 year = {2005},
 number = {MSR-TR-2005-94}
)

@UNPUBLISHED(Rie07,
 author = {Riehle, Dirk},
 title = "{JUnit 3.8 Documented Using Collaborations}",
 month =  mar ,
 year = {2007}
)

@inproceedings{GS02,
 author = {Aaron Greenhouse and William L. Scherlis},
 title = "{Assuring and evolving concurrent programs: annotations and policy}",
 booktitle = icse,
 year = {2002}
 }


@inproceedings{SRW99,
 author = {Mooly Sagiv and Thomas Reps and Reinhard Wilhelm},
 title = "{Parametric Shape Analysis via 3-Valued Logic}",
 booktitle = popl,
 year = {1999},
 pages = {105--118}
 }

 @article{SRW02,
 author = {Sagiv, Mooly and Reps, Thomas and Wilhelm, Reinhard},
 title = {Parametric shape analysis via 3-valued logic},
 journal = {ACM Trans. Program. Lang. Syst.},
 volume = {24},
 number = {3},
 year = {2002},
 pages = {217--298}
}

@INPROCEEDINGS{bierhoff09:plural,
    author = {Kevin Bierhoff and Nels E. Beckman and Jonathan Aldrich},
    title = {{Practical API Protocol Checking with Access Permissions}},
    booktitle = {Proc. European Conference on Object-Oriented Programming},
    year = {2009},
}

@inproceedings{bierhoff07:modular_typestate_checking,
    title = {{Modular Typestate Checking of Aliased Objects}},
    booktitle = {{Proc. Object-Oriented Programming, Systems, Languages, and Applications}},
    author = {Kevin Bierhoff and Jonathan Aldrich},
    year = {2007},
    keywords = {aliasing,behavioral subtyping,linear logic,permissions,typestates},
}

@article{beckman08:verifying_atomic,
    author = {Beckman, Nels E. and Bierhoff, Kevin and Aldrich, Jonathan},
    title = {{Verifying Correct Usage of Atomic Blocks and Typestate}},
    journal = {Proc. Object-Oriented Programming, Systems, Languages, and Applications},
    volume = {43},
    number = {10},
    year = {2008},
    pages = {227--244},
    address = {New York, NY, USA},
 }



@inproceedings{Mil08,
 author = {Ana Milanova},
 title = "{Static Inference of Universe Types}",
 booktitle = iwaco,
 year = {2008}
 }

 @inproceedings{LS08,
 author = {Yu Liu and Scott Smith},
 title = "{Pedigree Types}",
 booktitle = iwaco,
 year = {2008}
 }

@inproceedings{AA09a,
 author = {{Abi-Antoun}, Marwan and Aldrich, Jonathan},
 title = "{Static Extraction of Sound Hierarchical Runtime Object Graphs}",
 booktitle = tldi,
 YEAR = {2009},
 pages = {51--64}
}

@TECHREPORT{AA08b,
 author = {{Abi-Antoun}, Marwan and Aldrich, Jonathan},
 title = "{Static Conformance Checking of Runtime Architectural Structure}",
 number = {CMU-ISR-08-132},
 YEAR = {2008},
 INSTITUTION = {Carnegie Mellon University},
}

@inproceedings{AA08d,
 author = {{Abi-Antoun}, Marwan and Aldrich, Jonathan},
 title = "{A Field Study in Static Extraction of Runtime Architectures}",
 booktitle = paste,
 year = {2008},
 pages = {22--28}
}

@ARTICLE{OKF01,
  AUTHOR =       {Rob van Ommering and Rene Krikhaar and Loe Feijs},
  TITLE =        {Languages for formalizing, visualizing and verifying software architectures},
  JOURNAL =      {Computer Languages},
  YEAR =         {2001},
  volume =       {27},
  number =       {1-3},
  pages =        {3--18}
}

%TODO: HIGH. Cite me!
@ARTICLE{Pos03,
  AUTHOR =       {Andre Postma},
  TITLE =        "{A Method for Module Architecture Verification and its Application on a Large Component-Based System}",
  JOURNAL =      {Information and Software Technology},
  YEAR =         {2003},
  volume =       {45},
  number =       {4},
  pages =        {171--194}
}

@misc{Jav06,
 _key = {Jav06},
 title = "{Annotation Index File Specification}",
 howpublished = {\url{http://pag.csail.mit.edu/jsr308/index-file-format.pdf}},
 year = {2006}
 }

@misc{Qui06,
 _key = {Qui06},
 title = "{Annotation File Utilities}",
 howpublished = {\url{http://pag.csail.mit.edu/jsr308/annotation-file-utilities/}},
 note = {Last accessed: Saturday, January 31, 2009},
 year = {2006}
 }

@misc{ETH07,
 author = {Universes},
 title = "{Universes Tools}",
 howpublished = {\url{www.sct.ethz.ch/research/universes/tools/}},
 year = {2007}
}

@misc{LPC+07,
 author = {Leavens, Gary T. and Poll, Erik and Clifton, Curtis and Cheon, Yoonsik and Ruby, Clyde and Cok, David and M{\"u}ller, Peter and Kiniry, Joseph},
 title = "{JML Reference Manual}",
 howpublished = {\url{ftp://ftp.cs.iastate.edu/pub/leavens/JML/jmlrefman.pdf}},
 year = {2007}
 }

@article{KPP95,
 author = {Barbara Kitchenham and Lesley Pickard and Shari Lawrence Pfleeger},
 title = {Case Studies for Method and Tool Evaluation},
 journal = {IEEE Software},
 volume = {12},
 number = {4},
 year = {1995},
 pages = {52--62}
 }

@misc{jMetra,
 author = {{hyperCision Inc.}},
 title = "{jMetra}",
 howpublished = {\url{www.hypercision.com}},
 year = {2008}
 }

@misc{AgileJ,
    author = {{AgileJ}},
    title = "{StructureViews}",
    howpublished = {\url{www.agilej.com}},
    year = {2008}
 }

@ARTICLE{DAB08,
    title = "{A Realistic Empirical Evaluation of the Costs and Benefits of UML in Software Maintenance}",
    author={Dzidek, W.J. and Arisholm, E. and Briand, L.C.},
    journal=tse,
    year={2008},
    month={May-June },
    volume={34},
    number={3},
    pages={407-432}
 }

@misc{AD06,
 author = {Aldrich, Jonathan and Dickey, David},
 title = "{The Crystal Data Flow Analysis Framework 2.0}",
 howpublished = {\url{www.cs.cmu.edu/~aldrich/courses/654-sp06/}},
 year = {2006}
 }

@misc{ArchJava,
 author = {Jonathan Aldrich},
 title = "{ArchJava}",
 howpublished = {\url{http://www.archjava.org/}},
 year = {2003}
 }

@TECHREPORT{BS98,
  AUTHOR =       {Bokowski, Boris and Spiegel, Andr{\'e}},
  TITLE =        "{Barat -- a Front-End for Java}",
  INSTITUTION =  {Freie Universit\"{a}t Berlin},
  YEAR =         {1998},
  number =       {B-98-09}
}

@misc{javacc,
 _key = {JavaCC},
 title = "{JavaCC}",
 howpublished = {\url{https://javacc.dev.java.net/}},
 year = {2006}
}

@misc{JDT,
 _key = {JDT},
 title = "{Eclipse Java Development Tooling (JDT) core}",
 howpublished = {\url{http://www.eclipse.org}},
 year = {2006}
}

@article{MHW0,
  author    = {Leonardo G. P. Murta and Andr{\'e} van der Hoek and Cl{\'a}udia Maria Lima Werner},
  title     = "{Continuous and Automated Evolution of Architecture-to-Implementation Traceability Links}",
  journal   = ase,
  volume    = {15},
  number    = {1},
  year      = {2008},
  pages     = {75--107}
}

@inproceedings{HCS+08,
 author = {Sunny Huynh and Yuanfang Cai and Yuanyuan Song and Kevin Sullivan},
 title = "{Automatic Modularity Conformance Checking}",
 booktitle = icse,
 year = {2008}
 }

@inproceedings{EKK+08,
 author = {Michael Eichberg and Sven Kloppenburg and Karl Klose and Mira Mezini},
 title = "{Defining and Continuous Checking of Structural Program Dependencies}",
 booktitle = icse,
 year = {2008}
 }

@inproceedings{MK88,
 author = {M\"{u}ller, Hausi and Klashinsky, Karl},
 title = "{Rigi -- a System for Programming-In-The-Large}",
 booktitle = icse,
 year = {1988},
 pages = {80--86}
 }

@article{IPW01,
 author = {Igarashi, Atsushi and Pierce, Benjamin C. and Wadler, Philip},
 title = "{Featherweight Java: a minimal core calculus for Java and GJ}",
 journal = {ACM Trans. Program. Lang. Syst.},
 volume = {23},
 number = {3},
 year = {2001},
 pages = {396--450}
 }

@article{Bla03,
 author = {Bruno Blanchet},
 title = "{Escape analysis for Java: Theory and Practice}",
 journal = {ACM Trans. Program. Lang. Syst.},
 volume = {25},
 number = {6},
 year = {2003},
 pages = {713--775},
 }

@inproceedings{LPH01,
 author = {Donglin Liang and Maikel Pennings and Mary Jean Harrold},
 title = "{Extending and evaluating flow-insenstitive and context-insensitive points-to analyses for Java}",
 booktitle = paste,
 year = {2001},
 pages = {73--79}
 }


@article{MRR05,
 author = {Ana Milanova and Atanas Rountev and Barbara G. Ryder},
 title = "{Parameterized Object Sensitivity for Points-To Analysis for Java}",
 journal = tosem,
 volume = {14},
 number = {1},
 year = {2005},
 pages = {1--41}
 }

@inproceedings{RMR01,
 author = {Atanas Rountev and Ana Milanova and Barbara G. Ryder},
 title = "{Points-to Analysis for Java using Annotated Constraints}",
 booktitle = oopsla,
 year = {2001},
 pages = {43--55}
 }

@inproceedings{Mil07,
 author = {Ana Milanova},
 title = "{Light Context-Sensitive Points-To Analysis for Java}",
 booktitle = paste,
 year = {2007},
 pages = {25--30}
 }

@inproceedings{SGS05,
 author = {Manu Sridharan and Denis Gopan and Lexin Shan and Rastislav Bod\'{\i}k},
 title = "{Demand-Driven Points-To Analysis for Java}",
 booktitle = oopsla,
 year = {2005},
 pages = {59--76}
 }

@article{SharpRountev06,
 author = {Mariana Sharp and Atanas Rountev},
 title = "{Static Analysis of Object References in RMI-Based Java Software}",
 journal = tse,
 volume = {32},
 number = {9},
 year = {2006},
 pages = {664--681}
 }

@inproceedings{LWL05,
  author    = {V. Benjamin Livshits and John Whaley and Monica S. Lam},
  title     = "{Reflection Analysis for Java}",
  booktitle = {Asian Symposium on Programming Languages and Systems},
  year      = {2005},
  pages     = {139--160}
}

@article{DN02,
    author = {Liliana Dobrica and Eila Niemelä},
    title = "{A Survey on Software Architecture Analysis Methods}",
    journal = tse,
    volume = {28},
    number = {7},
    year = {2002},
    pages = {638--653}
}

@inproceedings{TG03,
  author    = {Peter Tabeling and Bernhard Gr{\"o}ne},
  title     = "{Mappings between Object-Oriented Technology and Architecture-Based Models}",
  booktitle = {Software Engineering Research and Practice},
  year      = {2003},
  pages     = {568--574}
}

%TODO: MED. They use language extensions for FMC!
@inproceedings{TH06,
    author = {Peter Tabeling and Rasmus Hofmann},
    title = "{A Prototypical Platform for Architecture Oriented Development}",
    booktitle ={IEEE International Conference on the Engineering of Computer-Based Systems (ECBS)},
    year = {2006},
    pages = {42--51}
}

@inproceedings{MRR02,
  author    = {Ana Milanova and Atanas Rountev and Barbara G. Ryder},
  title     = "{Constructing Precise Object Relation Diagrams}",
  booktitle = icsm,
  year      = {2002},
  pages     = {586--595}
}


@inproceedings{CDO+09,
  author    = {Cristiano Calcagno and                Dino Distefano and               Peter W. O'Hearn and     Hongseok Yang},
  title     = "{Compositional shape analysis by means of bi-abduction}",
  booktitle = popl,
  year      = {2009},
  pages     = {289--300}
}

@inproceedings{319253,
    author = {Bokowski, Boris},
    title = "{CoffeeStrainer: statically-checked constraints on the definition and use of types in Java}",
    booktitle = esecfse,
    year = {1999},
    pages = {355--374}
}

@INPROCEEDINGS{Minsky98shouldarchitectural,
    author = {Naftaly H. Minsky},
    title = {Should Architectural Principles Be Enforced},
    booktitle = {Computer Security, Dependability, and Assurance. IEEE},
    year = {1998},
    pages = {89--102}
}

@article{Min96,
 author = {Minsky, Naftaly H.},
 title = {Law-governed regularities in object systems. Part I: an abstract model},
 journal = {Theor. Pract. Object Syst.},
 volume = {2},
 number = {4},
 year = {1996},
 pages = {283--301}
 }

 @article{MP97,
 author = {Minsky, Naftaly H. and Pal, Partha Pratim},
 title = {Law-governed regularities in object systems. Part 2: a concrete implementation},
 journal = {Theor. Pract. Object Syst.},
 volume = {3},
 number = {2},
 year = {1997},
 pages = {87--101}
}


@article{BKP00,
 author = {Bider, I. and Khomyakov, M. and Pushchinsky, E.},
 title = "{Logic of Change: Semantics of Object Systems with Active Relations}",
 journal = ase,
 volume = {7},
 number = {1},
 year = {2000},
 pages = {9--37}
 }

@article{972291,
 author = {Oliveira, Toacy C. and Alencar, Paulo S. C. and Filho, Ivan M. and de Lucena, Carlos J. P. and Cowan, Donald D.},
 title = "{Software Process Representation and Analysis for Framework Instantiation}",
 journal = tse,
 volume = {30},
 number = {3},
 year = {2004},
 pages = {145--159}
 }

@inproceedings{SY02,
    author = {Shomrat, Mati and Yehudai, Amiram},
    title = "{Obvious or not? Regulating Architectural Decisions using Aspect-Oriented Programming}",
    booktitle = aosd,
    year = {2002},
    pages = {3--9}
}

@article{vGB02,
 author = {van Gurp, Jilles and Bosch, Jan},
 title = {Design erosion: problems and causes},
 journal = jss,
 volume = {61},
 number = {2},
 year = {2002},
 pages = {105--119}
}

@inproceedings{TP03,
    author = {Paolo Tonella and Alessandra Potrich},
    title = "{Reverse Engineering of the Interaction Diagrams from C++ Code}",
    booktitle =icsm,
    pages = {159--168},
    year = {2003}
}

%TODO: HIGH. Cite me.
@article{ACP+00,
    author = {Antoniol Giulio and Caprile, Bruno and Potrich, Alessandra and Tonella, Paolo},
    title = "{Design-code Traceability for Object-Oriented Systems}",
    journal = {Annals of Software Engineering},
    volume = {9},
    number = {1-4},
    year = {2000},
    pages = {35--58}
}

@inproceedings{TP02,
    author = {Paolo Tonella and Alessandra Potrich},
    title = "{Static and Dynamic C++ Code Analysis for the Recovery of the Object Diagram}",
    booktitle =icsm,
    year = {2002},
    pages = {54--63}
}

@inproceedings{EKV02,
    author = {Eisenbarth, T. and Koschke, R. and Vogel, G.},
    title = "{Static Trace Extraction}",
    booktitle = wcre,
    year = {2002},
    pages = {128--137}
 }

@inproceedings{SK98,
    author = {Schauer, Reinhard and Keller, Rudolf K.},
    title = "{Pattern Visualization for Software Comprehension}",
    booktitle = iwpc,
    year = {1998},
    pages = {4}
}

@article{FAT+99,
  author    = {Roberto Fiutem and Giuliano Antoniol and Paolo Tonella and Ettore Merlo},
  title     = "{ART: an architectural reverse engineering environment}",
  journal   = {Journal of Software Maintenance: Research and Practice},
  volume    = {11},
  number    = {5},
  year      = {1999},
  pages     = {339--364}
}

@book{TP04,
 author = {Tonella, Paolo and Potrich, Alessandra},
 title = "{Reverse Engineering of Object Oriented Code (Monographs in Computer Science)}",
 year = {2004},
 publisher = {Springer-Verlag New York, Inc.},
 address = {Secaucus, NJ, USA},
}

@inproceedings{SKM06,
  author    = {Vineet Sinha and David R. Karger and Rob Miller},
  title     = "{Relo: Helping Users Manage Context during Interactive Exploratory Visualization of Large Codebases}",
  booktitle = {VL/HCC},
  year      = {2006},
  pages     = {187--194}
}

@inproceedings{SMF+08,
    author={Seonah Lee and Gail C. Murphy and Thomas Fritz and Meghan Allen},
    title= "{How Can Diagramming Tools Help Support Programming Activities?}",
    booktitle= {VL/HCC},
    year={2008},
    pages={246--249}
}

@article{HH04,
  author    = {Irit Hadar and
               Orit Hazzan},
  title     = "{On the Contribution of UML Diagrams to Software System Comprehension}",
  journal   = {Journal of Object Technology},
  volume    = {3},
  number    = {1},
  year      = {2004},
  pages     = {143--156}
}

@article{FTAM99,
  author    = {Roberto Fiutem and Paolo Tonella and Giuliano Antoniol and Ettore Merlo},
  title     = "{Points-to Analysis for Program Understanding}",
  journal   = {Journal of Systems and Software},
  volume    = {44},
  number    = {3},
  year      = {1999},
  pages     = {213--227}
}

@inproceedings{TAFM97,
    author = {Tonella, Paolo and Antoniol, Giuliano and Fiutem, Roberto and Merlo, Ettore},
    title = "{Flow insensitive C++ pointers and polymorphism analysis and its application to slicing}",
    booktitle = icse,
    year = {1997},
    pages = {433--443}
}

@inproceedings{KM96,
    author = {Koskimies, Kai and M\"{o}ssenb\"{o}ck, Hanspeter},
    title = "{Scene: Using Scenario Diagrams and Active Text for Illustrating Object-Oriented Programs}",
    booktitle = icse,
    year = {1996},
    pages = {366--375}
}

@inproceedings{Deu01,
    author = {Arie Van Deursen},
    title = "{Program Comprehension Risks and Opportunities in Extreme Programming}",
    booktitle = wcre,
    year = {2001},
    pages = {176}
}

@inproceedings{GO03,
    author = {Gschwind, Thomas and Oberleitner, Johann},
    title = "{Improving Dynamic Data Analysis with Aspect-Oriented Programming}",
    booktitle = csmr,
    year = {2003},
    pages = {259-268}
 }

@article{TA01,
 author = {Tonella, Paolo and Antoniol, Giulio},
 title = {Inference of object-oriented design patterns},
 journal = {Journal of Software Maintenance},
 volume = {13},
 number = {5},
 year = {2001},
 pages = {309--330}
 }

@book{RJB98,
  author =       {James Rumbaugh and Ivar Jacobson and Grady Booch},
  title =        "{The Unified Modeling Language Reference Manual}",
  publisher =    {Addison-Wesley},
  year =         {1998}
}

@inproceedings{FA98,
    author = {Roberto Fiutem and Giuliano Antoniol},
    title = "{Identifying Design-Code Inconsistencies in Object-Oriented Software: a Case Study}",
    booktitle = icsm,
    year = {1998},
    pages = {94--102}
 }

%TODO: HIGH. Cite me.
@article{ACC+02,
 author = {Antoniol, Giuliano and Canfora, Gerardo and Casazza, Gerardo and De Lucia, Andrea and Merlo, Ettore},
 title = "{Recovering Traceability Links between Code and Documentation}",
 journal = tse,
 volume = {28},
 number = {10},
 year = {2002},
 pages = {970--983}
 }


@article{LS96,
 author = {Lindvall, Mikael and Sandahl, Kristian},
 title = "{Practical Implications of Traceability}",
 journal = {Softw. Pract. Exper.},
 volume = {26},
 number = {10},
 year = {1996},
 pages = {1161--1180}
 }

@inproceedings{TH03,
    author = {Tilley, Scott and Huang, Shihong},
    title = "{A qualitative assessment of the efficacy of UML diagrams as a form of graphical documentation in aiding program understanding}",
    booktitle = sigdoc,
    year = {2003},
    pages = {184--191},
 }

%TODO: MED. Cite me!
@article{LMR92,
 author = {Lejter, Moises and Meyers, Scott and Reiss, Steven P.},
 title = "{Support for Maintaining Object-Oriented Programs}",
 journal = tse,
 volume = {18},
 number = {12},
 year = {1992},
 pages = {1045--1052}
 }

%TODO: MED. Cite me!
@article{WH92,
 author = {Wilde, Norman and Huitt, Ross},
 title = "{Maintenance Support for Object-Oriented Programs}",
 journal = tse,
 volume = {18},
 number = {12},
 year = {1992},
 pages = {1038--1044}
 }

%TODO: MED. Cite me! Look into more pubs by Wuyts
@inproceedings{Wuy98,
    author = {Wuyts, Roel},
    title = "{Declarative Reasoning about the Structure of Object-Oriented Systems}",
    booktitle = {Technology of Object-Oriented Languages and Systems (TOOLS)},
    year = {1998},
    pages = {112}
}

@article{Cou85,
 author = {Courtois, P.J.},
 title = "{On Time and Space Decomposition of Complex Structures}",
 journal = cacm,
 volume = {28},
 number = {6},
 year = {1985},
 pages = {590--603},
 }

@article{BSR04,
    author = {Don Batory and Jacob Neal Sarvela and Axel Rauschmayer},
    title = "{Scaling Step-Wise Refinement}",
    journal = tse,
    volume = {30},
    number = {6},
    year = {2004},
    pages = {355--371}
}

@article{HL05,
  author    = {Lorin Hochstein and Mikael Lindvall},
  title     = "{Combating architectural degeneration: a survey}",
  journal   = {Information {\&} Software Technology},
  volume    = {47},
  number    = {10},
  year      = {2005},
  pages     = {643--656}
}

@inproceedings{DBLP:conf/serp/KarppinenL07,
  author    = {Kaarina Karppinen and Mikael Lindvall},
  title     = "{Software Architecture-Driven Detection of Security Vulnerabilities}",
  booktitle = {Software Engineering Research and Practice},
  year      = {2007},
  pages     = {595--599}
}

%TODO: MED. Cite me.
@article{BCL+06,
 author = {Bruneton, Eric and Coupaye, Thierry and Leclercq, Matthieu and Qu\'{e}ma, Vivien and Stefani, Jean-Bernard},
 title = "{The FRACTAL Component Model and its Support in Java: Experiences with Auto-adaptive and Reconfigurable Systems}",
 journal = {Softw. Pract. Exper.},
 volume = {36},
 number = {11-12},
 year = {2006},
 pages = {1257--1284}
 }

@inproceedings{LR98,
    author = {Lindvall, Mikael and Runesson, Magnus},
    title = "{The Visibility of Maintenance in Object Models: An Empirical Study}",
    booktitle = icsm,
    year = {1998},
    pages = {54}
}


%TODO: LOW. Cite me.
@article{BLB+04,
    author = {Bengtsson, PerOlof and Lassing, Nico and Bosch, Jan and {van Vliet}, Hans},
    title = "{Architecture-Level Modifiability Analysis (ALMA)}",
    journal = jss,
    volume = {69},
    number = {1-2},
    year = {2004},
    pages = {129--147}
}

@inproceedings{SC08,
    author = {Smith, Daniel and Cartwright, Robert},
    title = "{Java type inference is broken: can we fix it?}",
    booktitle = oopsla,
    year = {2008},
    pages = {505--524}
}

@inproceedings{SRR06,
    author = {Sarkar, Santonu and Rama, Girish Maskeri and R, Shubha},
    title = "{A Method for Detecting and Measuring Architectural Layering Violations in Source Code}",
    booktitle = {Asia Pacific Software Engineering Conference},
    year = {2006},
    pages = {165--172}
}

%TODO: HIGH. Cite me!
@article{JBA08,
    author = {Jansen, Anton and Bosch, Jan and Avgeriou, Paris},
    title = "{Documenting after the fact: Recovering Architectural Design Decisions}",
    journal = jss,
    volume = {81},
    number = {4},
    year = {2008},
    pages = {536--557}
}

@inproceedings{Mad96,
    AUTHOR = {Madhav, Neel},
    TITLE = "{Testing Ada 95 Programs for Conformance to Rapide Architectures}",
    BOOKTITLE = {Ada-Europe International Conference on Reliable Software Technologies},
    YEAR = {1996},
    PAGES = {123--134}
}

%TODO: HIGH. Cite me.
@BOOK{TMD09,
    AUTHOR =       {Richard N. Taylor and Nenad Medvidovic and Eric Dashofy},
    TITLE =        "{Software Architecture: Foundations, Theory, and Practice}",
    PUBLISHER =    {Wiley},
    YEAR =         2009,
}

%TODO: HIGH. Do not cite this. Cite a paper.
@PHDTHESIS{Sys00,
  AUTHOR =       {Tarja Syst\"{a}},
  TITLE =        "{Static and Dynamic Reverse Engineering Techniques for Java Software Systems}",
  SCHOOL =       {University of Tampere, Dept. of Computer and Information Sciences},
  YEAR =         {2000}
}

%TODO: HIGH. Can we fix this citation? Add URL or something?
@MISC{OMG08,
  AUTHOR =       {OMG},
  TITLE =        "{Unified Modeling Language (UML)}",
  YEAR =         {2008}
}

@INPROCEEDINGS{SYM00,
    author = {Syst\"{a}, Tarja and Yu, Ping and M\"{u}ller, Hausi},
    title = "{Analyzing Java software by combining metrics and program visualization}",
    booktitle = csmr,
    year = {2000},
    pages = {199--208}
}


@PHDTHESIS{Kos00,
  AUTHOR =       {Koschke, Rainer},
  TITLE =        "{Atomic Architectural Component Recovery for Program Understanding and Evolution}",
  SCHOOL =       {Institute for Computer Science, University of Stuttgart},
  YEAR =         {2000}
}

@PHDTHESIS{And94,
  AUTHOR =       {Lars Ole Andersen},
  TITLE =        "{Program Analysis and Specialization for the C Programming Language}",
  SCHOOL =       {DIKU, University of Copenhagen},
  YEAR =         {1994}
}

@inproceedings{RVP06,
  author    = {Aoun Raza and Gunther Vogel and Erhard Pl{\"o}dereder},
  title     = "{Bauhaus -- a Tool Suite for Program Analysis and Reverse Engineering}",
  booktitle = {International Conference on Reliable Software Technologies (Ada-Europe)},
  year      = {2006},
  pages     = {71--82}
}

%DO not cite this!
@article{Kos03,
 author = {Koschke, Rainer},
 title = {Software visualization in software maintenance, reverse engineering, and re-engineering: a research survey},
 journal = {Journal of Software Maintenance},
 volume = {15},
 number = {2},
 year = {2003},
 pages = {87--109}
 }

@article{FHK+02,
 author = {Finnigan, Patrick and Holt, Richard C. and Kallas, Ivan and Kerr, Scott and Kontogiannis, Kostas and M\"{u}ller, Hausi A. and Mylopoulos, John and Perelgut, Stephen G. and Stanley, Martin and Wong, Kerny},
 title = "{The Software Bookshelf}",
 book = {Advances in software engineering},
 year = {2002},
 pages = {295--339}
 }

 @article{FHK+97,
 author = {Finnigan, Patrick and Holt, Richard C. and Kallas, Ivan and Kerr, Scott and Kontogiannis, Kostas and M\"{u}ller, Hausi A. and Mylopoulos, John and Perelgut, Stephen G. and Stanley, Martin and Wong, Kerny},
 title = "{The Software Bookshelf}",
 journal = {IBM Systems Journal},
 volume = {36},
 number = {4},
 year = {1997},
 pages = {564--593}
 }

@INPROCEEDINGS{MMC+99,
    author={Mancoridis, S. and Mitchell, B.S. and Chen, Y. and Gansner, E.R.},
    title={Bunch: a clustering tool for the recovery and maintenance of software system structures},
    booktitle=icsm,
    year={1999},
    pages={50--59}
}

%TODO: HIGH. Cite me.
@inproceedings{TCL02,
    author = {Roseanne Tesoriero Tvedt and Patricia Costa and Mikael Lindvall},
    title = "{Does the Code Match the Design? A Process for Architecture Evaluation}",
    booktitle = icsm,
    year = {2002},
    pages = {393--401}
}

@inproceedings{KSR+99,
    author = {Keller, Rudolf K. and Schauer, Reinhard and Robitaille, S\'{e}bastien and Pag\'{e}, Patrick},
    title = {Pattern-based reverse-engineering of design components},
    booktitle = icse,
    year = {1999},
    pages = {226--235}
}

@inproceedings{1332635,
    author = {Wang, Chien-Min and Huang, Chi-Chang and Chen, Hsi-Min and Wang, Shun-Te},
    title = {Conformance Checking of Running Programs in Dynamic Aspect-Oriented Systems},
    booktitle = {Asia-Pacific Software Engineering Conference (APSEC},
    year = {2007},
    pages = {183--190}
}

@INPROCEEDINGS{DGB05,
  author = {Hylke W. van Dijk and Bas Graaf and Rob Boerman},
  title = "{On the Systematic Conformance Check of Software Artefacts}",
  booktitle = {European Workshop on Software Architecture (EWSA)},
  pages = {204--221},
  year = {2005}
}

%TODO: HIGH. Cite me.
@PHDTHESIS{Kri99,
  AUTHOR =       {Krikhaar, Ren\'{e} L.},
  TITLE =        "{Software Architecture Reconstruction}",
  SCHOOL =       {University of Amsterdam},
  YEAR =         {1999}
}

%TODO: HIGH. Cite me.
@PHDTHESIS{DHo98,
  AUTHOR =       {Koen De Hondt},
  TITLE =        "{A Novel Approach to Architectural Recovery in Evolving Object-Oriented Systems}",
  SCHOOL =       { Vrije Universiteit Brussel},
  YEAR =         {1998}
}

%TODO: HIGH. Cite me.
@PHDTHESIS{Men00,
  AUTHOR =       {Kim Mens},
  TITLE =        "{Automating Architectural Conformance Checking by Means of Logic Meta Programming}",
  SCHOOL =       {Vrije Universiteit Brussel},
  YEAR =         {2000}
}

@inproceedings{MN95,
  author    = {Gail C. Murphy and David Notkin},
  title     = "{Lightweight Source Model Extraction}",
  booktitle = fse,
  year      = {1995},
  pages     = {116--127}
}

@inproceedings{MH96,
    author = {Mancoridis, Spiros and Holt, Richard C.},
    title = "{Recovering the Structure of Software Systems Using Tube Graph Interconnection Clustering}",
    booktitle = icsm,
    year = {1996},
    pages = {23--32}
 }

@inproceedings{TH96,
    author = {Tzerpos, Vassilios and Holt, Richard C.},
    title = "{A Hybrid Process for Recovering Software Architecture}",
    booktitle = {Conference of the Centre for Advanced Studies on Collaborative research (CASCON)},
    year = {1996},
    pages = {38}
 }

@inproceedings{GZ05,
    author    = {Ian Gorton and Liming Zhu},
    title     = "{Tool Support for Just-In-Time Architecture Reconstruction and Evaluation: an Experience Report}",
    booktitle = icse,
    year      = {2005},
    pages     = {514--523}
}

%TODO: HIGH. Cite me.
@inproceedings{DVM+01,
    author = {Theo D'Hondt and Kris De Volder and Kim Mens and Roel Wuyts},
    title = "{Co-evolution of Object-Oriented Software Design and Implementation}",
    booktitle = {Software Architectures and Component Technology (SACT)},
    year = {2001},
    pages = {207--224}
}

@inproceedings{1244278,
    author = {Cazzola, Walter and Pini, Sonia and Ghoneim, Ahmed and Saake, Gunter},
    title = {Co-evolving application code and design models by exploiting meta-data},
    booktitle = {ACM Symposium on Applied Computing (SAC)},
    year = {2007},
    pages = {1275--1279}
 }

@MISC{PBS,
  author =       {PBS},
  title =        "{PBS: The Portable Bookshelf}",
  howpublished = {\url{http://www.swag.uwaterloo.ca/pbs/}},
  year = {2000}
}

@inproceedings{FBT+02,
    author = {Rudolf Ferenc and \'{A}rp\'{a}d Besz\'{e} and Mikko Tarkiainen and Tibor Gyim\'{e}thy},
    title =  "{Columbus -- Reverse Engineering Tool and Schema for C++}",
    booktitle =icsm,
    pages = {172--181},
    year = {2002}
}

%TODO: HIGH. HIGH. Cite me.
@inproceedings{SD07,
    author = {Sartipi, Kamran and Dezhkam, Nima},
    title = "{An Amalgamated Dynamic and Static Architecture Reconstruction Framework to Control Component Interactions}",
    booktitle = wcre,
    year = {2007},
    pages = {259--268}
 }

@inproceedings{KDB+95,
    author={Kontogiannis, K. and DeMori, R. and Bernstein, M. and Galler, M. and Merlo, E.},
    title={Pattern matching for design concept localization},
    booktitle=wcre,
    year={1995},
    pages={96--103}
}

@Misc{Ree08,
  author =       {Trygve Reenskaug},
  title =        "{The Common Sense of Object Orientated Programming}",
  howpublished = {\url{http://heim.ifi.uio.no/~trygver/2008/commonsense.pdf}},
  year = {2008}
}

@Misc{Ree79,
  author =       {Trygve Reenskaug},
  title =        "{Thing-Model-View-Editor -- an Example from a planning system}",
  howpublished = {Technical note, Xerox PARC. Available at: \url{http://heim.ifi.uio.no/~trygver/mvc/index.html}},
  year = {1979}
}

%TODO: LOW. Cite me.
@inproceedings{Ken97,
    author = {Stuart Kent},
    title = "{Constraint Diagrams: Visualizing Invariants in OO Modelling}",
    booktitle = oopsla,
    year = {1997},
    pages = {327--341}
}

%TODO: HIGH. Cite me.
@MASTERSTHESIS{Kop98,
  AUTHOR =       {Kopaee, Ali Reza},
  TITLE =        {Static conformance checking for object-oriented design and code},
  SCHOOL =       {Queen's University},
  YEAR =         {1998}
}

%TODO: HIGH. Cite me.
@PHDTHESIS{Tur03,
  AUTHOR =       {Christopher J. Turner},
  TITLE =        "{Dynamic Conformance Checking for Object-Oriented Design and Code}",
  SCHOOL =       {School of Computing, Queen's University},
  YEAR =         {2003},
}

%TODO: HIGH. Cite me.
@article{MGB08,
    author = {Massoni, Tiago and Gheyi, Rohit and Borba, Paulo},
    title = "{A Framework for Establishing Formal Conformance between Object Models and Object-Oriented Programs}",
    journal = {Electron. Notes Theor. Comput. Sci.},
    volume = {195},
    year = {2008},
    pages = {189--209}
 }

@inproceedings{XR08,
    author = {Xu, Guoqing and Rountev, Atanas},
    title = {Merging equivalent contexts for scalable heap-cloning-based context-sensitive points-to analysis},
    booktitle = issta,
    year = {2008},
    pages = {225--236}
}

@inproceedings{SB06,
    author = {Sridharan, Manu and Bod\'{\i}k, Rastislav},
    title = "{Refinement-based context-sensitive points-to analysis for Java}",
    booktitle = pldi,
    year = {2006},
    pages = {387--400}
}

@inproceedings{SGS+05,
    author = {Sridharan, Manu and Gopan, Denis and Shan, Lexin and Bod\'{\i}k, Rastislav},
    title = "{Demand-driven points-to analysis for Java}",
    booktitle = oopsla,
    year = {2005},
    pages = {59--76}
}

%TODO: LOW. Cite me.
@inproceedings{HBR00,
    author = {Harrison, William and Barton, Charles and Raghavachari, Mukund},
    title = "{Mapping UML designs to Java}",
    booktitle = oopsla,
    year = {2000},
    pages = {178--187}
 }

@article{TTD+07,
    author = {Tonella, Paolo and Torchiano, Marco and Du Bois, Bart and Syst\"{a}, Tarja},
    title = "{Empirical Studies in Reverse Engineering: State of the Art and Future Trends}",
    journal = {Empirical Software Engineering},
    volume = {12},
    number = {5},
    year = {2007},
    pages = {551--571}
 }

@article{SC06,
    author = {Shaw, Mary and Clements, Paul},
    title = "{The Golden Age of Software Architecture}",
    journal = {IEEE Softw.},
    volume = {23},
    number = {2},
    year = {2006},
    pages = {31--39}
 }

%TODO: HIGH. Cite me! Instead of Ald03
@inproceedings{Ald08,
    author    = {Jonathan Aldrich},
    title     = "{Using Types to Enforce Architectural Structure}",
    booktitle = wicsa,
    year      = {2008},
    pages     = {211--220}
}

%TODO: HIGH. Cite me.
@inproceedings{BT04,
    author = {Bauer, Markus and Trifu, Mircea},
    title = "{Architecture-Aware Adaptive Clustering of OO Systems}",
    booktitle = csmr,
    year = {2004},
    pages = {3}
}

@inproceedings{HR05,
    author = {Hackett, Brian and Rugina, Radu},
    title = {Region-based shape analysis with tracked locations},
    booktitle = popl,
    year = {2005},
    pages = {310--323}
}

%TODO: HIGH. Cite this. Their tool is called \textsc{Yeti}.
@INPROCEEDINGS{MSS09,
  AUTHOR =       {Nick Mitchell and Edith Schonberg and Gary Sevitsky},
  TITLE =        "{Making Sense of Large Heaps}",
  BOOKTITLE =    ecoop,
  YEAR =         {2009}
}


@inproceedings{AA09b,
  AUTHOR = {{Abi-Antoun}, Marwan and Aldrich, Jonathan},
  TITLE =  "{Static Extraction and Conformance Analysis of Hierarchical Runtime Architectural Structure using Annotations}",
  BOOKTITLE = oopsla,
  YEAR =      {2009},
}

@MISC{AA09c,
  AUTHOR = {{Abi-Antoun}, Marwan and Aldrich, Jonathan},
  title =        "{Practical Static Extraction and Conformance Checking of the Runtime Architecture of Object-Oriented Systems}",
  howpublished = {Half-day tutorial at the SEI Architecture Technology User Network (SATURN). Available: \url{www.cs.cmu.edu/~mabianto/talks/09-SATURN_handout.pdf}},
  month =        may,
  year =         {2009}
}

@inproceedings{1269081,
    author = {Babar, Muhammad Ali and Gorton, Ian},
    title = "{A Tool for Managing Software Architecture Knowledge}",
    booktitle = {Workshop on SHAring and Reusing architectural Knowledge Architecture, Rationale, and Design Intent (SHARK-ADI)},
    year = {2007},
    pages = {11}
}

@inproceedings{ST05,
    author = {Sharma, Vibhu Saujanya and Trivedi, Kishor S.},
    title = {Architecture based analysis of performance, reliability and security of software systems},
    booktitle = {International Workshop on Software and Performance (WOSP)},
    year = {2005},
    pages = {217--227}
 }

%TODO: HIGH. Cite tool demos.
@inproceedings{AA08demo2,
    author = {Abi-Antoun, Marwan and Aldrich, Jonathan},
    title = {Tool support for statically checking the structural conformance of an object-oriented system to its runtime architecture},
    booktitle = {OOPSLA Companion '08: Companion to the 23rd ACM SIGPLAN conference on Object-oriented programming systems languages and applications},
    year = {2008},
    pages = {741--742}
}

@inproceedings{AA08demo1,
    author = {Abi-Antoun, Marwan and Aldrich, Jonathan},
    title = {Tool support for the static extraction of sound hierarchical representations of runtime object graphs},
    booktitle = {OOPSLA Companion '08: Companion to the 23rd ACM SIGPLAN conference on Object-oriented programming systems languages and applications},
    year = {2008},
    pages = {743--744}
}

%TODO: MED. Cite me. Is this published?
@article{GG08,
    author = {Alan Grosskurth and Michael W. Godfrey},
    title = {A case study in architectural analysis: The evolution of the modern web browser},
    journal = {EMSE},
    year = {2008}
}

@inproceedings{KL07,
    author = {Kaarina Karppinen and Mikael Lindvall},
    title = {Software architecture-driven detection of security vulnerabilities},
    booktitle = {International Conference on Software Engineering Research \& Practice},
    year = {2007},
    pages = {595--599}
}

@INPROCEEDINGS{CD08,
    author =  {Gerardo Canfora and Massimiliano Di Penta},
    title = "{Frontiers of reverse engineering: A conceptual model}",
    booktitle = {Frontiers of Software Maintenance (FoSM)},
    year={2008},
    pages={38--47}
}

@article{Sutton2007212,
    author = {Andrew Sutton and Jonathan I. Maletic},
    title = "{Recovering UML class models from C++: A detailed explanation}",
    journal = {Information and Software Technology},
    volume = {49},
    number = {3},
    pages = {212--229},
    year = {2007}
}

%TODO: HIGH. Cite me!
@INPROCEEDINGS{DG07,
    author={Xinyi Dong and Michael W. Godfrey},
    title= "{System-level Usage Dependency Analysis of Object-Oriented Systems}",
    booktitle= icsm,
    year={2007},
    pages={375--384}
}

%TODO: MED. Cite me!
@INPROCEEDINGS{Ryd03,
  AUTHOR =       {Ryder, Barbara},
  TITLE =        "{Dimensions of Precision in Reference Analysis of Object-Oriented Programming Languages}",
  BOOKTITLE =    {Compiler Construction},
  YEAR =         {2003}
}

@INPROCEEDINGS{Gue04b,
    author={Gu{\'e}h{\'e}neuc, Yann-Ga{\"e}l},
    title= "{A systematic study of UML class diagram constituents for their abstract and precise recovery}",
    booktitle= {Asia-Pacific Software Engineering Conference},
    year={2004},
    pages={265--274}
}

@INPROCEEDINGS{MH05,
    author={Andrew J. Malton and Richard C. Holt},
    title="{Boxology of NBA and TA: a basis for understanding software architecture}",
    booktitle=wcre,
    year={2005},
    pages={187--195}
}

%TODO: HIGH. Cite me. Use ORD...for distribution.
@INPROCEEDINGS{WF08,
    author={Lei Wang and Michael Franz},
    title= "{Automatic Partitioning of Object-Oriented Programs for Resource-Constrained Mobile Devices with Multiple Distribution Objectives}",
    booktitle={IEEE International Conference on Parallel and Distributed Systems (ICPADS)},
    year={2008},
    pages={369--376}
}

@inproceedings{832944,
 author = {Taentzer, Gabriele},
 title = "{Adding Visual Rules to Object-Oriented Modeling Techniques}",
 booktitle = {Technology of Object-Oriented Languages and Systems (TOOLS)},
 year = {1999},
 pages = {275}
 }

%TODO: MED. Cite me.
@INPROCEEDINGS{1602379,
    author={Jens Knodel and Mikael Lindvall and Dirk Muthig and Matthias Naab},
    title = "{Static Evaluation of Software Architectures}",
    booktitle = csmr,
    year={2006},
    pages={285--294}
}

@inproceedings{RLB+08,
    author = {Rosik, Jacek and Le Gear, Andrew and Buckley, Jim and Ali Babar, Muhammad},
    title = "{An Industrial Case Study of Architecture Conformance}",
    booktitle = {ACM-IEEE International Symposium on Empirical Software Engineering and Measurement},
    year = {2008},
    pages = {80--89}
}

@INPROCEEDINGS{HL03,
    author={Lorin Hochstein and Mikael Lindvall},
    title= "{Diagnosing Architectural Degeneration}",
    booktitle={NASA Goddard Software Engineering Workshop},
    year={2003},
    pages={137--142}
}

@INPROCEEDINGS{1541812,
    author={Le Gear, A. and Buckley, J. and Collins, J.J. and O'Dea, K.},
    title={Software reconnexion: understanding software using a variation on software reconnaissance and reflexion modelling},
    booktitle={International Symposium on Empirical Software Engineering},
    year={2005},
    pages={10},

}

%TODO: HIGH. Cite me.
@INBOOK{TCL04,
  AUTHOR =       {Roseanne Tesoriero Tvedt and Patricia Costa and Mikael Lindvall},
  editor =       {Marvin V. Zelkowitz},
  TITLE =        {Architectural issues},
  CHAPTER =      "{Evaluating Software Architectures}",
  pages =        {2--43},
  PUBLISHER =    {Academic Press},
  YEAR =         {2004}
}


@INBOOK{SK04,
  AUTHOR =       {Kamran Sartipi and Kostas Kontogiannis},
  TITLE =        "{Managing Corporate Information Systems Evolution and Maintenance}",
  CHAPTER =      "{Software Architecture Analysis and Reconstruction}",
  PUBLISHER =    {Idea Group Publishing},
  YEAR =         {2004}
}

@inproceedings{837134,
 author = {Arie Van Deursen},
 title = "{Program Comprehension Risks and Opportunities in Extreme Programming}",
 booktitle = wcre,
 year = {2001},
 pages = {176}
}

%TODO: HIGH. Cite me.
@PHDTHESIS{Riv04,
  AUTHOR =       {Claudio Riva},
  TITLE =        {View-based Software Architecture Reconstruction},
  SCHOOL =       {Vienna University of Technology, Vienna, Austria},
  YEAR =         {2004}
}

%TODO: HIGH. Cite me.
@INPROCEEDINGS{PGG+,
  AUTHOR =       {Pinzger, Martin and Gall, Harald and Girard, Jean-Francois and Knodel, Jens and Riva, Claudio and Pasman, Wim and Broerse, Chris and Wijnstra, Jan Gerben},
  TITLE =        {Architecture Recovery for Product Families},
  BOOKTITLE =    {Software Product-Family Engineering},
  YEAR =         {2004},
  pages =        {332--351}
}

%TODO: HIGH. Cite me.
%Use Formal Concept Analysis (FCA)
@PHDTHESIS{Are05,
  AUTHOR =       {Gabriela Ar\'{e}valo},
  TITLE =        "{High Level Views in Object-Oriented Systems using Formal Concept Analysis}",
  SCHOOL =       {University of Bern},
  YEAR =         {2005}
}

%TODO: HIGH. Cite me.
@PHDTHESIS{Lie08,
  AUTHOR =       {Adrian Lienhard},
  TITLE =        {Dynamic Object Flow Analysis},
  SCHOOL =       {University of Bern},
  YEAR =         {2008}
}

%TODO: HIGH. Cite me.
@inproceedings{BV00,
 author = {Bojic, Dragan and Velasevic, Dusan},
 title = {A Use-Case Driven Method of Architecture Recovery for Program Understanding and Reuse Reengineering},
 booktitle = csmr,
 year = {2000},
 pages = {23--31}
}

@ARTICLE{Minsky98law-governedregularities,
    author = {Naftaly H. Minsky and Eugene P. Wigner},
    title = {Law-Governed Regularities in Object Systems; Part 1: An Abstract Model},
    journal = {TAPOS},
    year = {1998},
    volume = {2}
}


%TODO: HIGH. Cite me. Notion of Object Group
@BOOK{WN94,
  AUTHOR =       {Kim Wald{\'e}n and Jean-Marc Nerson},
  TITLE =        "{Seamless Object-Oriented Software Architecture: Analysis and Design of Reliable Systems}",
  PUBLISHER =    {Prentice Hall},
  YEAR =         {1994}
}

@INPROCEEDINGS{1316681,
    author={Mourad Oussalah and Adel Smeda and Tahar Khammaci},
    title={An explicit definition of connectors for component-based software architecture},
    booktitle={Engineering of Computer-Based Systems, 2004. Proceedings. 11th IEEE International Conference and Workshop on the},
    year={2004},
    pages={ 44--51}
}

@inproceedings{DHT02,
 author = {Dashofy, Eric M. and van der Hoek, Andr{\'e} and Taylor, Richard N.},
 title = "{An Infrastructure for the Rapid Development of XML-Based Architecture Description Languages}",
 booktitle = icse,
 year = {2002},
 pages = {266--276}
 }

@article{ZJ94,
 author = {Zhang, Kaizhong and  Jiang, Tao},
 title = "{Some MAX SNP-Hard Results Concerning Unordered Labeled Trees}",
 journal = {Information Processing Letters},
 volume = {49},
 number = {5},
 year = {1994},
 pages = {249--254}
 }

@MASTERSTHESIS{Nah09,
  AUTHOR =  {Nagi H. Nahas},
  TITLE =   "{Algorithms for the Comparison of Unordered Labeled Trees}",
  SCHOOL =  {American University of Beirut, Beirut, Lebanon},
  MONTH =   may,
  YEAR =    {2009}
}

@article{130996,
 author = {Rubin, Kenneth S. and Goldberg, Adele},
 title = {Object behavior analysis},
 journal = {Commun. ACM},
 volume = {35},
 number = {9},
 year = {1992},
 issn = {0001-0782},
 pages = {48--62},
 doi = {http://doi.acm.org/10.1145/130994.130996},
 publisher = {ACM},
 address = {New York, NY, USA},
 }

@MISC{,
  author =       "",
  title =        {CLIPS 5.1 Architecture Manual},
  howpublished = {http://clipsrules.sourceforge.net/},
  year =         {1992},
}

@inproceedings{143086,
 author = {Patel, Sukesh and Chu, William and Baxter, Rich},
 title = {A measure for composite module cohesion},
 booktitle = icse,
 year = {1992},
 pages = {38--48}
}

@inproceedings{795017,
 author = {Kazman, R. and Burth, M.},
 title = {Assessing Architectural Complexity},
 booktitle = csmr,
 year = {1998},
 pages = {104},
}

"CRAFT: A Framework for Evaluating Software Clustering Results in the Absence of Benchmark Decompositions", by B. S. Mitchell, S. Mancoridis. In the IEEE  Proceedings of the 2001 Working Conference in Reverse Engineering (WCRE'01), Stuttgart, Germany, October, 2001, pp 93-102 (BEST PAPER AWARD).

%TODO: HIGH. Cite me.
@inproceedings{Eix98,
 author = {Eixelsberger, Wolfgang},
 title = {Recovery of a reference architecture: a case study},
 booktitle = {International Workshop on Software Architecture (ISAW)},
 year = {1998},
 pages = {33--36}
 }

%TODO: HIGH. Cite me.
@INPROCEEDINGS{PGG+04,
  AUTHOR =       {Pinzger, Martin and Gall, Harald and Girard, Jean-Francois and Knodel, Jens and Riva, Claudio and Pasman, Wim and Broerse, Chris and Wijnstra, Jan Gerben},
  TITLE =        {Architecture Recovery for Product Families},
  BOOKTITLE =    {Software Product-Family Engineering},
  YEAR =         {2004},
  pages =        {332--351}
}

@PHDTHESIS{Pin05,
  AUTHOR =       {Martin Pinzger},
  TITLE =        {ArchView - Analyzing Evolutionary Aspects of Complex Software Systems},
  SCHOOL =       {Technical University of Vienna, Austria},
  YEAR =         {2005}
}

@inproceedings{Kri97,
 author = {Krikhaar, Ren\'{e} L.},
 title = "{Reverse Architecting Approach for Complex Systems}",
 booktitle = icsm,
 year = {1997},
 pages = {4--11}
 }


@article{BFG+00,
 author = {Bril, Reinder J. and Feijs, Loe M. G. and Glas, Andr\'{e} and Krikhaar, Ren\'{e} L. and Winter, M. R. M.},
 title = {Maintaining a legacy: towards support at the architectural level},
 journal = {Journal of Software Maintenance},
 volume = {12},
 number = {3},
 year = {2000},
 pages = {143--170}
 }

@INBOOK{KSO05,
  AUTHOR =       {Tahar Khammaci and Adel Smeda and Mourad Oussalah},
  _editor =       {S K Chang},
  TITLE =        {Handbook of Software Engineering and Knowledge Engineering},
  CHAPTER =      "{Coexistence of Object-Oriented Modeling and Architectural Description}",
  pages =        {119--151},
  PUBLISHER =    {World Scientific Publishing},
  YEAR =         {2005},
  volume =       {Vol 3: Recent Advances},
}

@INBOOK{SZ05,
  AUTHOR =       {George Spanoudakis and Andrea Zisman},
  _editor =       {S K Chang},
  TITLE =        {Handbook of Software Engineering and Knowledge Engineering},
  CHAPTER =      "{Software Traceability: A Roadmap}",
  pages =        {395--428},
  PUBLISHER =    {World Scientific Publishing},
  YEAR =         {2005},
  volume =       {Vol 3: Recent Advances}
}

%TODO: HIGH. Cite me.
%Has some interesting facts that developers need to know about code: e.g., decomposition, etc.
@ARTICLE{PUP+02,
    author={Lutz Prechelt and Barbara Unger-Lamprecht and Michael Philippsen and Walter F. Tichy},
    title="{Two controlled experiments assessing the usefulness of design pattern documentation in program maintenance}",
    journal=tse,
    year={2002},
    volume={28},
    number={6},
    pages={595--606}
}

@PHDTHESIS(Pot07,
 author = {Alex Potanin},
 title = "{Generic Ownership: A Practical Approach to Ownership and Confinement in Object-Oriented Programming Languages}",
 school = {Victoria University of Wellington},
 year = {2007}
)

@Book{Kenan06,
    author = {Kevin Kenan},
    title = {Cryptography in the Database},
    publisher = {Addison-Wesley},
    year = {2006},
    note = {Accompanying code at \url{http://kevinkenan.blogs.com/downloads/cryptodb_code.zip}},
}


@TECHREPORT(AB09,
    author = {Marwan Abi-Antoun and Jeffrey M. Barnes},
    title = "{Enforcing Conformance between Security Architecture and Implementation}",
    institution = {Carnegie Mellon University},
    number = {CMU-ISR-09-113},
    year = {2009}
)

@Misc(AB09b,
    author = {Marwan Abi-Antoun and Jeffrey M. Barnes},
    title = {Online Addendum},
    howpublished = {http://www.cs.cmu.edu/~mabianto/cryptodb/},
    year = {2009}
)

@article{GCK02,
 author = {Garlan, David and Cheng, Shang-Wen and Kompanek, Andrew J.},
 title = {Reconciling the needs of architectural description with object-modeling notations},
 journal = {Sci. Comput. Program.},
 volume = {44},
 number = {1},
 year = {2002},
 pages = {23--49}
 }

@inproceedings{MDE+95,
    author = {Magee, Jeff and Dulay, Naranker and Eisenbach, Susan and Kramer, Jeff},
    title = "{Specifying Distributed Software Architectures}",
    booktitle = {European Software Engineering Conference},
    year = {1995},
    pages = {137--153}
 }


@INPROCEEDINGS{OAM+07,
    author={Oliveto, Rocco and Antoniol, Giuliano and Marcus, Andrian and Hayes, Jane},
    title={Software Artefact Traceability: the Never-Ending Challenge},
    booktitle=icsm,
    year={2007},
    pages={485--488}
}

@inproceedings{DOT08,
    author = {De Lucia, Andrea and Oliveto, Rocco and Tortora, Genoveffa},
    title = "{Adams re-trace: traceability link recovery via latent semantic indexing}",
    booktitle = icse,
    year = {2008},
    pages = {839--842}
}

@article{DFO+07,
    author = {De Lucia, Andrea De and Fasano, Fausto and Oliveto, Rocco and Tortora, Genoveffa},
    title = {Recovering traceability links in software artifact management systems using information retrieval methods},
    journal = {ACM Trans. Softw. Eng. Methodol.},
    volume = {16},
    number = {4},
    year = {2007},
    pages = {13},
}

%TODO: HIGH. Cite me.
@article{10.1109/MC.2007.195,
    author = {Jane Cleland-Huang and Brian Berenbach and Stephen Clark and Raffaella Settimi and Eli Romanova},
    title = "{Best Practices for Automated Traceability}",
    journal ={IEEE Computer},
    volume = {40},
    number = {6},
    year = {2007},
    pages = {27--35}
}

@article{MRZ+05,
    author = {Maranzano, Joseph F. and Rozsypal, Sandra A. and Zimmerman, Gus H. and Warnken, Guy W. and Wirth, Patricia E. and Weiss, David M.},
    title = "{Architecture Reviews: Practice and Experience}",
    journal = {IEEE Softw.},
    volume = {22},
    number = {2},
    year = {2005},
    pages = {34--43}
}

%TODO: HIGH. Cite me.
@article{GHM98,
    author = {John Grundy and John Hosking and Warwick B. Mugridge},
    title = "{Inconsistency Management for Multiple-View Software Development Environments}",
    journal = tse,
    volume = {24},
    number = {11},
    year = {1998},
    pages = {960--981},
}

%TODO: HIGH. Cite me.
@inproceedings{1368158,
    author = {Blanc, Xavier and Mounier, Isabelle and Mougenot, Alix and Mens, Tom},
    title = {Detecting model inconsistency through operation-based model construction},
    booktitle = icse,
    year = {2008},
    pages = {511--520}
}

@inproceedings{SE05,
    author = {Saff, David and Ernst, Michael D.},
    title = "{Continuous Testing in Eclipse}",
    booktitle = icse,
    year = {2005},
    pages = {668--669}
}

@article{HSE+02,
    author = {Richard C. Holt and Andy Sch{\"u}rr and Susan Elliott Sim and Andreas Winter},
    title = "{GXL: A graph-based standard exchange format for reengineering}",
    journal = {Science of Computer Programming},
    volume = {60},
    number = {2},
    pages = {149--170},
    year = "2006",
    note = {\url{www.gupro.de/GXL/}},
}

@MISC{Pic08,
    author =       {David Pichardie},
    title =        "{Constraint based analysis for Java}",
    howpublished = {\url{www.irisa.fr/lande/teaching/PAS/pointsto.pdf}},
    year =         {2008}
}

%TODO: HIGH. Cite Crystal.
@misc{Crystal,
    author = "{PLAID Research Group}",
    title = "{The Crystal Static Analysis Framework}",
    url= "http://code.google.com/p/crystalsaf",
    note= "\url{http://code.google.com/p/crystalsaf}",
    year = {2009}
}

@misc{pluraltool,
  author = "{Plural Project}",
  title = "{Pluralism: Modular object protocol checking for Java}",
  year = {2009},
  note = {\url{http://code.google.com/p/pluralism/}}
}

@misc{plaidtool,
  author = "{Plaid Project}",
  title = "{Plaid Language Repository}",
  year = {2012},
  note = {\url{http://code.google.com/p/plaid-lang/}}
}

@misc{SASyLF,
  author = "Jonathan Aldrich",
  title = "{SASyLF proof assistant}",
  year = {2009},
  note = {\url{http://www.cs.cmu.edu/~aldrich/SASyLF/}}
}

@inproceedings{ASS08,
 author = {Aldrich, Jonathan and Simmons, Robert J. and Shin, Key},
 title = "{SASyLF: an educational proof assistant for language theory}",
 booktitle = {International Workshop on Functional and Declarative Programming in Education},
 year = {2008},
 pages = {31--40}
 }

@inproceedings{Kos08,
  author    = {Rainer Koschke},
  title     = "{Architecture Reconstruction: Tutorial on Reverse Engineering to the Architectural Level}",
  editor    = {Andrea De Lucia and Filomena Ferrucci},
  booktitle   = {International Summer School on Software Engineering},
  pages     = {140-173},
  year      = {2008}
}

%TODO: HIGH. Cite me.
%TODO: HIGH. These two are the eds. not the authors.
@techreport{MM03,
  author = {Joaquin Miller and Jishnu Mukerji},
  title = "{MDA Guide Version 1.0.1}",
  institution = {Object Management Group (OMG)},
  year = {2003}
}

@inproceedings{DR99,
    author = {Di Nitto, Elisabetta and Rosenblum, David},
    title = "{Exploiting ADLs to specify architectural styles induced by middleware infrastructures}",
    booktitle = icse,
    year = {1999},
    pages = {13--22}
 }

@ARTICLE{IN08,
  AUTHOR =       {Anne Immonen and Eila Niemel{\"a}},
  TITLE =        {Survey of reliability and availability prediction methods from the viewpoint of software architecture},
  JOURNAL =      {Software and Systems Modeling},
  volume =       {7},
  number =       {1},
  pages =        {49--65},
  YEAR =         {2008}
}

@MISC{CIS,
  author = {David Poole and Alan Macworth},
  title =     "{CISpace: Tools for learning Computational Intelligence}",
  howpublished = {\url{http://www.cs.ubc.ca/labs/lci/CIspace/}},
  year =        {2001}
}

@article{Kru95,
    author = {Philippe Kruchten},
    title = "{The 4+1 View Model of Architecture}",
    journal ={IEEE Software},
    volume = {12},
    number = {6},
    year = {1995},
    pages = {42--50}
}

@article{KB95,
 author = {Kunz, Thomas and Black, James P.},
 title = "{Using Automatic Process Clustering for Design Recovery and Distributed Debugging}",
 journal = tse,
 volume = {21},
 number = {6},
 year = {1995},
 pages = {515--527}
 }


@inproceedings{BR99,
  author    = {Lars Bratthall and Per Runeson},
  title     = "{Architecture Design Recovery of a Family of Embedded Software Systems}",
  booktitle = wicsa,
  year      = {1999},
  pages     = {3--14}
}

%TODO: HIGH. Cite me.
@inproceedings{SunZou05,
    author = {Sun, Chang-ai and Zhou, Jun},
    title = "{ReArchJBs: A Tool for Automated Software Architecture Recovery of JavaBeans-Based Applications}",
    booktitle = aswec,
    year = {2005},
    pages = {270--280}
 }

@article{Jac02,
    author = {Jackson, Daniel},
    title = "{Alloy: a lightweight object modelling notation}",
    journal = tosem,
    volume = {11},
    number = {2},
    year = {2002},
    pages = {256--290}
 }

@inproceedings{Sys99,
    author = {Syst\"{a}, T.},
    title = {On the Relationships between Static and Dynamic Models in Reverse Engineering Java Software},
    booktitle = wcre,
    year = {1999},
    pages = {304}
}

%TODO: HIGH. Cite. There must be a journal/conference version of this TR.
@techreport{MFK+04,
    author = {Paul Miodonski  and Thomas Forster and Jens Knodel and Mikael Lindvall and Dirk Muthig},
    title = "{Evaluation of Software Architectures with Eclipse}",
    institution = {Fraunhofer Publica [http://publica.fraunhofer.de/oai.har] (Germany)},
    year = {2004}
}

@proceedings{DKL09,
    author = {Slawomir Duszynski and Jens Knodel and Mikael Lindvall},
    title = "{SAVE: Software Architecture Visualization and Evaluation}",
    booktitle =csmr,
    year = {2009},
    pages = {323--324}
}

@inproceedings{KLM+97,
  author    = {Gregor Kiczales and
               John Lamping and
               Anurag Mendhekar and
               Chris Maeda and
               Cristina Videira Lopes and
               Jean-Marc Loingtier and
               John Irwin},
  title     = {Aspect-Oriented Programming},
  booktitle = ecoop,
  pages     = {220--242},
  year      = {1997}
}

%TODO: HIGH. Cite me!
@inproceedings{ChYi00b,
  author = {Byeong-Mo Chang and Kwangkeun Yi and Jangwoo Jo},
  title = "{Constraint-based Analysis for Java}",
  booktitle = {Proceedings of the SSGRR Conference on Computer and E-Business},
  year = {2000},
  note = {Invited presentation}
}

@PHDTHESIS{Abi09,
  AUTHOR =       {Marwan {Abi-Antoun}},
  TITLE =        "{Static Extraction and Conformance Analysis of Hierarchical Runtime Architectural Structure}",
  SCHOOL =       {Carnegie Mellon University},
  Note =       {Available as Technical Report CMU-ISR-09-119},
  YEAR =         {2009}
}

%TODO: HIGH. Cite me.
@article{BMS+08,
 author = {Colin J Bennett and Del Myers and Margaret-Anne Storey and Daniel M. German and David Ouellet and Martin Salois and Philippe Charland},
 title = {A survey and evaluation of tool features for understanding reverse-engineered sequence diagrams},
 journal = {J. Softw. Maint. Evol.},
 volume = {20},
 number = {4},
 year = {2008},
 pages = {291--315}
 }



%%%%%%%%%%%%%%%%%%%%%%%%%%%%%%%%%%%%%%%%%%%%%%%%%%
%% Added by CJ for NSF Frameworks  proposal 12-09


@inproceedings{Froehlich97,
 author = {Gary Froehlich and H. James Hoover and Ling Liu and Paul Sorenson},
 title = {Hooking into object-oriented application frameworks},
 booktitle = icse,
 year = {1997}
 }

@inproceedings{Riehle98,
 author = {Dirk Riehle and Thomas Gross},
 title = {Role Model Based Framework Design and Integration},
 booktitle = oopsla,
 year = {1998},
 pages = {117--133},
 location = {Vancouver, British Columbia, Canada}
 }

@inproceedings{Helm90,
 author = {Richard Helm and Ian M. Holland and Dipayan Gangopadhyay},
 title = {Contracts: specifying behavioral compositions in object-oriented systems},
booktitle = oopsla,
 year = {1990},
 location = {Ottawa, Canada}
}

@inproceedings{Johnson92,
 author = {Ralph E. Johnson},
 title = {Documenting frameworks using patterns},
 booktitle = oopsla,
 year = {1992},
 }

@article{Johnson97,
 author = {Ralph E. Johnson},
 title = {Frameworks = (components + patterns)},
 journal = {Commun. ACM},
 volume = {40},
 number = {10},
 year = {1997},
 }

@misc{Fowler04,
	author = {Martin Fowler},
	title= {Inversion of control containers and the dependency injection pattern},
	howpublished="\url{http://www.martinfowler.com/articles/injection.html}",
year= {2004}
}

@misc{Login,
title=" Binding to a {DropDownList} Membership Roles",
author={{``sharkman''}},
url="http://forums.asp.net/thread/1415249.aspx",
year=2006
}

@misc{life-null,
title="CodeBehind with Master Pages",
author={{``roseability''}},
url="http://forums.asp.net/thread/1422132.aspx",
year=2006
}

@misc{life-dis,
title="Control disappearing",
author={{``strangewill''}},
url="http://forums.asp.net/thread/1419089.aspx",
year=2006
}

@misc{life-user,
title="Dynamic User Controls",
author={{``bashaasnoot''}},
url="http://forums.asp.net/thread/1419194.aspx",
year=2006
}

@misc{life-render,
title="Custom Control Problem",
author={{``dtucker''}},
url="http://forums.asp.net/thread/1416696.aspx",
year=2006
}

@misc{life-postbacks,
title="Event Handlers/Object Problem",
author={{``roberto.rivera''}},
url="http://forums.asp.net/thread/1422149.aspx",
year=2006
}

@misc{databinding,
title="When do you call {DataGrid.DataBind()}",
author={{``Water Cooler v2''}},
url="http://http://www.devnewsgroups.net/group/microsoft.public.dotnet.framework/topic46515.aspx",
year=2006
}


@InBook{schmucker86MacApp,
  Author         = {Kurt J. Schmucker},
  Title          = {Object-oriented programming for the Macintosh},
  Chapter        = {6},
  Pages          = {165--176},
  Publisher      = {Hayden Book Company},
  year           = 1986
}


@InCollection{rosenstein95,
  Author         = {Larry Rosenstein},
  Title          = {MacApp: first commercially successful framework},
  BookTitle      = {Object oriented application frameworks},
  Publisher      = {Manning Publications Co.},
  Pages          = {111--136},
  isbn           = {0-13-213984-7},
  url            = {https://gs2064.sp.cs.cmu.edu/scan_paper/programming/ooapp_95.pdf},
  year           = 1995
}

@misc{PageLifecycle,
title="{ASP.NET} Page Lifecycle Overview",
url="http://msdn2.microsoft.com/en-us/library/ms178472.aspx",
author="{Microsoft Corporation}",
}

@misc{Eclipse,
  author="{Eclipse Foundation}",
  title = {Eclipse Development Framework},
  url = {http://www.eclipse.org}
}

@misc{Spring,
  author="Rod Johnson",
  title = {Spring Enterprise Framework},
  url = {http://www.springsource.org}
}

@misc{Hadoop,
  author="Doug Cutting",
  title = {Hadoop Framework},
  url = {http://hadoop.apache.org/}
}

@misc{ASPNET,
  author="{Microsoft Corporation}",
  title = {{ASP.NET} Web Application Framework},
  url = {http://www.asp.net}
}

@misc{EJB,
  author="{Sun Microsystems}",
  title = {Enterprise {Java Beans} Component Framework},
  url = {http://java.sun.com/products/ejb/}
}

@misc{RubyOnRails,
  author="David Hansson",
  title = {Ruby On Rails Web Application Framework},
  url = {http://rubyonrails.org}
}

@misc{Firefox,
  author="{Mozilla Foundation}",
  title = {Firefox Browser Framework},
  url = {http://www.mozilla.com/firefox/}
}

@misc{CXF,
  author="{Apache Foundation}",
  title = {Apache {CXF} Service Framework},
  url = {http://cxf.apache.org/}
}


@inproceedings{LaToza2007,
  author= {LaToza, T.D. and Garlan, D. and Herblseb, J.D. and Myers, B.A},
  title = {Program Comprehension as Fact Finding},
  booktitle=fse,
  year = 2007
}

@inproceedings{Spitznagel01WICSA,
  author={Bridget Spitznagel and David Garlan},
  title={A Compositional Approach for Constructing Connectors},
  booktitle= wicsa,
  location= {Amsterdam, The Netherlands},
  year=2001
}

@phdthesis{Spitznagel04Thesis,
  author={Bridget Spitznagel},
  title= {Compositional Transformation of Software Connectors},
  school={Carnegie Mellon University},
  year = 2004
}

@inproceedings{Monroe96ICSR,
 author={Robert T. Monroe and David Garlan},
 title= {Style-based Reuse for Software Architectures},
  booktitle={Proceedings of the Fourth International Conference on Software Reuse},
 year=1996
}

@phdthesis{Monroe99Thesis,
  author={Robert Monroe},
  title= {Rapid Development of Custom Software Architecture Design Environments},
  school={Carnegie Mellon University},
  month={August},
  year = 1999
}

@inproceedings{Garlan94Aesop,
author={David Garlan, Robert Allen and John Ockerbloom},
title= {Exploiting Style in Architectural Design Environments},
booktitle=fse,
year=1994
}

@misc{Bierhoff09,
 author = {Kevin Bierhoff and Ciera Jaspan and Jonathan Aldrich and George Fairbanks},
 title = {Frameworks on the Rise},
 howpublished="Under submission",
 year = {2009}
 }

@InCollection{schmucker86Lisa,
 Author         = {Kurt J. Schmucker},
 booktitle          = {Object-oriented programming for the Macintosh},
 title        = {{Lisa Clascal} and the {Lisa Toolkit}},
 Pages          = {315--343},
 Publisher      = {Hayden Book Company},
 year           = 1986
}

@Article{krasner88,
  Author         = {Glenn E. Krasner and Stephen T. Pope},
  Title          = {A cookbook for using the model-view controller user
                   interface paradigm in Smalltalk-80},
  Journal        = {J. Object Oriented Program.},
  Volume         = {1},
  Number         = {3},
  Pages          = {26--49},
  publisher      = {SIGS Publications},
  year           = 1988
}



%%%%%%%%%%%%%%%%%%%%%%%%%%%%%%%%%%%%%%%%%%%%%%%%%%
%% Added by DG for NSF Frameworks  proposal 12-09

@PHDTHESIS{Fairbanks09Thesis,
  AUTHOR =       {George Fairbanks},
  TITLE =        {Design Fragments},
  SCHOOL =       {Carnegie Mellon University, School of Computer Science},
  YEAR =         {2008},
  month =        {April}
}

@InProceedings{Fairbanks06OOPSLA,
      AUTHOR = {Fairbanks, George and Scherlis, William and Garlan, David},
      TITLE = {Design Fragments Make Using Frameworks Easier},
      YEAR = {2006},
      MONTH = {22-27 October},
      BOOKTITLE = {Proceedings of ACM SIGPLAN Conference on Object Oriented Programs, Systems, Languages, and Applications (OOPSLA) 2006},
      ADDRESS = {Portland, OR},
      PDF = {http://acme.able.cs.cmu.edu/pubs/uploads/pdf/OOPSLA-06.pdf},
}

@Article{Garlan95Software,
  author =   "David Garlan and Robert Allen and John Ockerbloom",
  title =    "Architectural Mismatch: Why Reuse is So Hard",
  key =      "Garlan",
  journal =  "IEEE Software",
  year =     1995,
  month =        "November",
  volume =       12,
  number =       6,
  pages =        "17-28"
}

@InProceedings{AGI98FSE,
      AUTHOR = {Allen, Robert and Garlan, David and Ivers, James},
      TITLE = {Formal Modeling and Analysis of the HLA Component Integration Standard},
      YEAR = {1998},
      MONTH = {November},
      BOOKTITLE = {Proceedings of the Sixth International Symposium on the Foundations of Software Engineering (FSE-6)},
      KEY = {Allen},
      ADDRESS = {Lake Buena Vista, Florida},
      PUBLISHER = {ACM}
}

@article{SG2001EJB,
title = "Formal modeling of the Enterprise JavaBeans($^TM$) component integration framework",
journal = "Information and Software Technology",
volume = "43",
number = "3",
pages = "171 - 188",
year = "2001",
note = "",
issn = "0950-5849",
doi = "DOI: 10.1016/S0950-5849(00)00157-9",
url = "http://www.sciencedirect.com/science/article/B6V0B-42BSCJ5-3/2/3aaf7d5e0887203e7eda39e36a64ea86",
author = "J. P. Sousa and D. Garlan"
}

@misc{AADL04,
   author={{SAE} International},
   year= {2004},
   title={Architecture Analysis and Design Language ({AADL})},
   note = {Document Number AS5506}
}

@inproceedings{GR91,
 author = {Gorlick, Michael M. and Razouk, Rami R.},
 title = {Using weaves for software construction and analysis},
 booktitle = {ICSE '91: Proceedings of the 13th international conference on Software engineering},
 year = {1991},
 isbn = {0-89791-391-4},
 pages = {23--34},
 location = {Austin, Texas, United States},
 publisher = {IEEE Computer Society Press},
 address = {Los Alamitos, CA, USA},
 }

@InProceedings{Spitznagel1998,
      AUTHOR = {Spitznagel, Bridget and Garlan, David},
      TITLE = {Architecture-Based Performance Analysis},
      YEAR = {1998},
      MONTH = {June},
      BOOKTITLE = {Proceedings of the 1998 Conference on Software Engineering and Knowledge Engineering (SEKE'98)}
}

@article{ MI04,
author = {Antinisca Di Marco and Paola Inverardi},
title = {Compositional Generation of Software Architecture Performance QN Models},
journal ={Software Architecture, Working IEEE/IFIP Conference on},
volume = {0},
year = {2004},
isbn = {0-7695-2172-X},
pages = {37},
doi = {http://doi.ieeecomputersociety.org/10.1109/WICSA.2004.1310688},
publisher = {IEEE Computer Society},
address = {Los Alamitos, CA, USA},
}

@INPROCEEDINGS{KramerSHS02,
  AUTHOR =       "Ioannis Georgiadis and Jeff Magee and Jeff Kramer.",
  TITLE =        "Self-Organising Software Architectures for Distributed Systems",
  BOOKTITLE =    "Proceedings of the First ACM SIGSOFT Workshop on Self-Healing Systems (WOSS '02)",
  YEAR =         "2002"
}

@InProceedings{Kim2003,
      AUTHOR = {Garlan, David and Khersonsky, Serge and Kim, Jung Soo},
      TITLE = {Model Checking Publish-Subscribe Systems},
      YEAR = {2003},
      MONTH = {May},
      BOOKTITLE = {Proceedings of The 10th International SPIN Workshop on Model Checking of Software (SPIN 03)},
      ADDRESS = {Portland, OR}
}

@Article{Abowd95StyleTOSEM,
  author =   "Gregory Abowd and Robert Allen and David Garlan",
  title =    "Formalizing Style to Understand Descriptions of
          Software Architecture",
  journal =      "ACM Transactions on Software Engineering and Methodology",
  year =     1995,
  key =      "Abowd",
  month =    "October"
}

@Article{Allen97TOSEM,
  author =   {Robert Allen and David Garlan},
  title =    {A Formal Basis for Architectural Connection},
  journal =      {ACM Transactions on Software Engineering and Methodology},
  year =     1997,
  key =      {Allen},
  month =    {July}
}

@Article{Kruchten95,
  author =   {P. B. Kruchten},
  title =    {The 4+1 View Model of Architecture},
  journal =      {IEEE Software},
  year =     {1995},
  key =      {Kruchten},
  month =    {November},
  pages =    {42-50}
}

@BOOK{Clements2003,
  AUTHOR =       "Paul Clements and Felix Bachmann and Len Bass and David Garlan and James Ivers and
  Reed Little and Robert Nord and Judith Stafford",
  TITLE =        "Documenting Software Architectures: Views and Beyond",
  PUBLISHER =    "Addison Wesley",
  YEAR =         "2003"
  }

@InProceedings{Allen98FASE,
  author =   {Robert Allen and R\'{e}mi Douence and David Garlan},
  title =    {Specifying and Analyzing Dynamic Software Architectures},
  booktitle =    {Proceedings of the 1998 Conference on Fundamental Approaches to Software Engineering (FASE'98)},
  key =      {Allen},
  year =     1998,
  address =  {Lisbon, Portugal},
  month =    {March}
}

@InProceedings{Wermelinger98ICSE,
  author =       "Michel Wermelinger",
  title =        "Formal Specification and Analysis of Dynamic Reconfiguration
                  of Software Architecture",
  booktitle =    "Proceedings of the 20th International Conference on Software
                  Engineering",
  volume =       2,
  year =         1998,
  publisher =    "IEEE Computer Society Press",
  pages =        "178--179"
}

@BOOK{Rumbaugh2004,
  AUTHOR =       {James Rumbaugh and Ivar Jacobson and Grady Booch},
  TITLE =        {The Unified Modeling Language Reference Manual, Second Edition},
  PUBLISHER =    {Addison Wesley},
  YEAR =         {2004}
}
@Book{Jackson06,
  AUTHOR =       {Daniel Jackson},
  TITLE =        {Software Abstractions: Language, Logic, and Analysis},
  PUBLISHER =    {MIT Press},
  YEAR =         {2006}
}

@InProceedings{Kim06Alloy,
      AUTHOR = {Kim, Jung Soo and Garlan, David},
      TITLE = {Analyzing Architectural Styles with Alloy},
      YEAR = {2006},
      MONTH = {July},
      BOOKTITLE = {Workshop on the Role of Software Architecture for Testing and Analysis 2006 (ROSATEA 2006)},
      ADDRESS = {Portland, ME}
}

@InProceedings{Garlan09Sorascs,
      AUTHOR = {Garlan, David and Carley, Kathleen M. and Schmerl, Bradley and Bigrigg, Michael and Celiku, Orieta},
      TITLE = {Using Service-Oriented Architectures for Socio-Cultural Analysis},
      YEAR = {2009},
      MONTH = {1-3 July},
      BOOKTITLE = {Proceedings of the 21st International Conference on Software Engineering and Knowledge Engineering (SEKE2009)},
      ADDRESS = {Boston, USA}
}

@article{Hoare:2003,
 author = {Hoare, Tony},
 title = {The verifying compiler: A grand challenge for computing research},
 journal = {J. ACM},
 issue_date = {January 2003},
 volume = {50},
 number = {1},
 month = jan,
 year = {2003},
 issn = {0004-5411},
 pages = {63--69},
 numpages = {7},
 url = {http://doi.acm.org/10.1145/602382.602403},
 doi = {10.1145/602382.602403},
 acmid = {602403},
 publisher = {ACM},
 address = {New York, NY, USA},
} 

@article{linear-logic,
 author = {Girard, Jean-Yves},
 title = {Linear Logic},
 journal = {Theoretical Computer Science},
 volume = {50},
 number = {1},
 year = {1987},
 pages = {1--102},
} 

@article{Bie07,
 author = {B. Biering and L. Birkedal and N. Torp-Smith},
 title = {{BI-hyperdoctrines, higher-order separation logic, and abstraction}},
 journal = {TOPLAS},
 year = {2007},
} 

@InProceedings{NIST02,
 author = {Research Triangle Institute},
 title = {{The Economic Impacts of Inadequate Infrastructure for Software Testing}},
 booktitle = {NIST Planning Report 02-3},
 year = {2002},
} 

@article{jStar,
 author = {Distefano, Dino and Parkinson J, Matthew J.},
 title = {jStar: towards practical verification for java},
 journal = {SIGPLAN Not.},
 issue_date = {September 2008},
 volume = {43},
 number = {10},
 month = oct,
 year = {2008},
 issn = {0362-1340},
 pages = {213--226},
 numpages = {14},
 url = {http://doi.acm.org/10.1145/1449955.1449782},
 doi = {10.1145/1449955.1449782},
 acmid = {1449782},
 publisher = {ACM},
 address = {New York, NY, USA},
 keywords = {classes, design patterns, moduarity, separation logic},
} 

@inproceedings{ParkinsonAbstractPredicates,
 author = {Parkinson, Matthew and Bierman, Gavin},
 title = {Separation logic and abstraction},
 booktitle = {Proceedings of the 32nd ACM SIGPLAN-SIGACT symposium on Principles of programming languages},
 series = {POPL '05},
 year = {2005},
 isbn = {1-58113-830-X},
 location = {Long Beach, California, USA},
 pages = {247--258},
 numpages = {12},
 url = {http://doi.acm.org/10.1145/1040305.1040326},
 doi = {10.1145/1040305.1040326},
 acmid = {1040326},
 publisher = {ACM},
 address = {New York, NY, USA},
 keywords = {abstract data types, classes, modularity, resources, separation logic},
}

@InProceedings{sep-logic,
 author = {John C. Reynolds},
 title = {{Separation Logic: A Logic for Shared Mutable Data Structures}},
 booktitle = {LICS},
 year = {2002},
} 

@InProceedings{Jacobs08,
 author = {Bart Jacobs and Jan Smans and Frank Piessens},
 title = {{Verifying the Composite Pattern using Separation Logic}},
 booktitle = {Specification and Verification of Component-Based Systems},
 year = {2008},
}
 
@INPROCEEDINGS{birkedal-LICS05, 
author={Birkedal, L. and Torp-Smith, N. and Yang, H.}, 
booktitle={Logic in Computer Science, 2005. LICS 2005. Proceedings. 20th Annual IEEE Symposium on}, title={Semantics of separation-logic typing and higher-order frame rules}, 
year={2005}, 
month={june}, 
volume={}, 
number={}, 
pages={ 260 - 269}, 
keywords={ coherent semantic; higher-order frame rules; local reasoning; separation-logic type; formal logic; inference mechanisms; reasoning about programs; type theory;}, 
doi={10.1109/LICS.2005.47}, 
ISSN={1043-6871},}
 
@inproceedings{SpecSharp,
 author = {Barnett, Mike and Leino, K. Rustan M. and Schulte, Wolfram},
 title = {The spec\# programming system: an overview},
 booktitle = {Proceedings of the 2004 international conference on Construction and Analysis of Safe, Secure, and Interoperable Smart Devices},
 series = {CASSIS'04},
 year = {2005},
 isbn = {3-540-24287-2, 978-3-540-24287-1},
 location = {Marseille, France},
 pages = {49--69},
 numpages = {21},
 url = {http://dx.doi.org/10.1007/978-3-540-30569-9_3},
 doi = {10.1007/978-3-540-30569-9_3},
 acmid = {2131549},
 publisher = {Springer-Verlag},
 address = {Berlin, Heidelberg},
} 
 
@inproceedings{Dafny,
 author = {Leino, K. Rustan M.},
 title = {Dafny: an automatic program verifier for functional correctness},
 booktitle = {Proceedings of the 16th international conference on Logic for programming, artificial intelligence, and reasoning},
 series = {LPAR'10},
 year = {2010},
 isbn = {3-642-17510-4, 978-3-642-17510-7},
 location = {Dakar, Senegal},
 pages = {348--370},
 numpages = {23},
 url = {http://dl.acm.org/citation.cfm?id=1939141.1939161},
 acmid = {1939161},
 publisher = {Springer-Verlag},
 address = {Berlin, Heidelberg},
}

@article{pattern-ident,
 author = {Gu{\'e}h{\'e}neuc, Yann-Ga\"{e}l and Guyomarc'H, Jean-Yves and Sahraoui, Houari},
 title = {Improving design-pattern identification: a new approach and an exploratory study},
 journal = {Software Quality Control},
 issue_date = {March     2010},
 volume = {18},
 number = {1},
 month = mar,
 year = {2010},
 issn = {0963-9314},
 pages = {145--174},
 numpages = {30},
 url = {http://dx.doi.org/10.1007/s11219-009-9082-y},
 doi = {10.1007/s11219-009-9082-y},
 acmid = {1713203},
 publisher = {Kluwer Academic Publishers},
 address = {Hingham, MA, USA},
 keywords = {Design patterns, Explanation-based constraint programming, Exploratory study, Metrics, Program understanding},
}

%%%%%%%%%%%%%%%%%%%%%%%%%%%%%%%%%%%%%%%%%%%%%%%%%%

@InProceedings{hannesPlural,
      AUTHOR = {Hannes Mehnert and Jonathan Aldrich},
      TITLE = {Verification of Snapshotable Trees using Access Permissions and Typestate},
      YEAR = {2012},
      BOOKTITLE = {TOOLS},
}

@INPROCEEDINGS(aldrich11:plaid,
 author = {Jonathan Aldrich and Ronald Garcia and Mark Hahnenberg and Manuel Mohr and Karl Naden and Darpan Saini and Sven Stork and Joshua Sunshine and \'{E}ric Tanter and Roger Wolff},
 title = "{Permission-Based Programming Languages (NIER Track)}",
 booktitle =  icse ,
 year = {2011},
)

@INPROCEEDINGS(sunshine11:plaid,
 author = {Joshua Sunshine and Karl Naden and Sven Stork and Jonathan Aldrich and \'{E}ric Tanter},
 title = "{First-Class State Change in Plaid}",
 booktitle =  oopsla ,
 year = {2011},
)

@INPROCEEDINGS(naden12:borrowing,
 author = {Karl Naden and Robert Bocchino and Kevin Bierhoff and Jonathan Aldrich},
 title = "{A Type System for Borrowing Permissions}",
 booktitle =  popl ,
 year = {2012},
)

@inproceedings{AB10,
 author = {{Abi-Antoun}, Marwan and Barnes, Jeffrey M.},
 title = "{Analyzing Security Architectures}",
 booktitle = {Automated Software Engineering},
 year = {2010},
}

@book{beck2003,
       title = {Test Driven Development: By Example},
       author = {Kent Beck},
       year = {2003},
      publisher = {Addison Wesley},
},
