Bachmann F, L Bass, P Clements, D Garlan, J Ivers (2008) Documenting Software Architecture: Documenting Interfaces, Carnegie-Mellon Univ Software Engineering Institute,

Beck K (2002) Test Driven Development: By Example, Addison-Wesley Professional.

Jorgenson P (2008) Software Testing: A Craftsman's Approach, Auerbach Publications. 
Kriegsekorte N, M Mur, P Bandettini. Representational similarity analysis - connecting the branches of systems neuroscience. Front Syst Neurosci. 2008;2:4. 

Nguyen-Hoan, L, S Flint, R Sankaranarayana (2010) A survey of scientific software development. Proceedings of the 2010 ACM-IEEE International Symposium on Empirical Software Engineering and Measurement, page 12.

