@article{herrera-valdez_2012,
	title = {Membranes with the same complements of ion channesls but different excitabilities},
	volume = {7},
	doi = {10.1371/journal.pone.0034636},
	number = {4},
	journal = {{PloS ONE}},
	author = {Herrera-Valdez, MA},
	year = {2012},
	pages = {e34636}
},

@article{herrera-valdez_jcns_2013,
	title = {Relating ion channel expression, bifurcation structure and diverse firing patterns in a model of an identified motor neuron},
	volume = {34},
	doi = {10.1007/s10827-012-0416-6},
	number = {2},
	journal = {Journal of Computational Neuroscience},
	author = {Herrera-Valdez, MA and McKiernan, EC and Berger, SD and Ryglewski, S and Duch, C and Crook, S},
	year = {2013},
	pages = {211-229}
},


@article{hohensee,
	title = {Correlative electron and confocal microscopy assessment of synapse location in the central nervous system of an insect},
	volume = {168},
	doi = {},
	number = {},
	journal = {Journal of Neuroscience Methods},
	author = {Hohensee, S and Bleiss, W and Duch, C},
	year = {2008},
	pages = {64-70}
},

@article{meseke,
	title = {Developmental changes in dendritic shape and synapse location tune single neuron computations to changing behavioral functions},
	volume = {102},
	doi = {10.1152/jn.90899.2008},
	number = {},
	journal = {Journal of Neurophysiology},
	author = {Meseke, M and Evers, JF and Duch, C},
	year = {2009},
	pages = {41-58}
},

@article{berger_2012,
	title = {Estimation of electrical properties of dendrites with branches using a continuum modeling formulation},
	volume = {},
	number = {},
	journal = {Society for Neuroscience Abstracts},
	author = {Berger, SD and Baer, SM and Crook, SM},
	year = {2012},
	pages = {340.01},
},

@article{berger_2013,
	title = {A continuum approach to model neurites/dendrites with emerging subtrees},
	volume = {14},
	number = {(Suppl 1)},
	journal = {{BMC} Neuroscience},
	author = {Berger, SD and Baer, SM and Crook, SM},
	year = {2013},
	pages = {P73},
},


@article{berger_2009,
	title = {Passive current transfer in wildtype and genetically modified Drosophila motoneuron dendrites},
	volume = {10},
	number = {(Suppl 1)},
	journal = {{BMC} Neuroscience},
	author = {Berger, SD and Herrera-Valdez, MA and Duch, C and Crook, SM},
	year = {2009},
	pages = {P346},
},


@article{herrera-valdez_2009,
	title = {Predicting changes in neuronal excitability type in response to genetic manipulations of K+ channels},
	volume = {10},
	number = {(Suppl 1)},
	journal = {{BMC} Neuroscience},
	author = {Herrera-Valdez, MA and Berger, SD and Duch, C and Crook, SM},
	year = {2009},
	pages = {P301},
},

@article{herrera-valdez_2010,
	title = {Differential contribution of voltage-dependent potassium channels to neuronal excitability},
	volume = {11},
	number = {(Suppl 1)},
	journal = {{BMC} Neuroscience},
	author = {Herrera-Valdez, MA and Berger, SD and Duch, C and Crook, SM},
	year = {2009},
	pages = {P159},
},

@article{smith_2011,
	title = {Differential contributin of A-type potassium currents in shaping neuronal responses to synaptic input},
	volume = {12},
	number = {(Suppl 1)},
	journal = {{BMC} Neuroscience},
	author = {Smith, A and Cruz-{A}ponte, M and Mc{K}iernan, EC and Herrera-{V}aldez, MA and Crook, SM and Herrera-{V}aldez, MA},
	year = {2011},
	pages = {P147},
},


@article{jennings_2007,
	title = {Mathematical models of octopaminergic dorsl unpaired median neurons},
	volume = {},
	number = {536.20},
	journal = {Society for Neuroscience Abstracts},
	author = {Jennings, AB and Crook, SM and Duch, C and Ryglewski, S},
	year = {2007},
	pages = {},
},

@article{ryglewski_2012,
	title = {Cav2 channels mediate low and high voltage-activated calcium currents in Drosophila motoneurons},
	volume = {590},
	doi = {},
	number = {4},
	journal = {Journal of Physiology},
	author = {Ryglewski, S and Lance, K and Levine, RB and Duch, C},
	year = {2013},
	pages = {809-825}
},

