@misc{python_url,
  howpublished = "\url{http://www.python.org/}",
}

@misc{r_url,
  howpublished = "\url{http://www.r-project.org/}",
}

@misc{matlab_url,
  howpublished = "\url{http://www.mathworks.com/products/matlab/}",
}

@misc{neuroelectro_url,
  howpublished = "\url{http://www.neuroelectro.org/}",
}

@misc{osb_url,
  howpublished = "\url{http://www.opensourcebrain.org}",
}

@misc{osb_ca1_url,
  howpublished = "\url{http://opensourcebrain.org/projects/ca1pyramidalcell}",
}

@misc{crcns_url,
  howpublished = "\url{http://www.crcns.org/}",
}

@misc{sage_url,
  howpublished = "\url{http://www.sagemath.org/}",
}

@misc{neuron_url,
  howpublished = "\url{http://www.neuron.yale.edu/neuron}",
}

@misc{neuroconstruct_url,
  howpublished = "\url{http://www.neuroconstruct.org}",
}

@misc{sagenb_url,
  howpublished = "\url{www.sagenb.org}",
}

@misc{scidash_url,
  howpublished = "\url{http://www.scidash.org}",
}

@misc{sciunit_url,
  howpublished = "\url{http://github.com/scidash/sciunit}",
}

@misc{neurounit_url,
  howpublished = "\url{http://github.com/scidash/neurounit}",
}

@misc{django_url,
  howpublished = "\url{http://www.djangoproject.com}",
}

@misc{github_url,
  howpublished = "\url{http://www.neuron.yale.edu/neuron}",
}

@misc{neuroml_url,
  howpublished = "\url{http://neuroml.org}",
}

@misc{python_oo_url,
  howpublished = "\url{http://docs.python.org/2/reference/datamodel.html}",
}

@misc{dream_url,
  howpublished = "\url{http://www.the-dream-project.org/}",
}

@misc{diadem_url,
  howpublished = "\url{http://www.diademchallenge.org}",
}

@misc{kaggle_url,
  howpublished = "\url{http://www.kaggle.com}",
}

@misc{modeldb_url,
  howpublished = "\url{http://senselab.med.yale.edu/modeldb}",
}

@misc{neuroconstruct_rgerkin_url,
  howpublished = "\url{http://github.com/rgerkin/neuroConstruct}",
}

@misc{neuralensemble_url,
  howpublished = "\url{http://neuralensemble.org}",
}

@misc{neuroelectro_dev_url,
  howpublished = "\url{http://bitbucket.org/rgerkin/neuroelectro_org}",
}

@misc{nibabel_url,
  howpublished = "\url{http://nipy.org/nibabel}",
}

@misc{neurohdf_url,
  howpublished = "\url{http://neurohdf.readthedocs.org}",
}

@misc{sbml_url,
  howpublished = "\url{http://sbml.org/}",
}

@misc{summerofcode,
  howpublished = "\url{http://www.google-melange.com/gsoc/homepage/google/gsoc2013}",
}

@misc{scidash_repo_url,
  howpublished = "\url{http://github.com/scidash/scidash}",
}

@misc{genesis_url,
  howpublished = "\url{http://genesis-sim.org/}",
}

@misc{nest_url,
  howpublished = "\url{http://www.nest-initiative.org/}",
}

@misc{moose_url,
  howpublished = "\url{http://moose.ncbs.res.in/}",
}

@misc{neural_prediction_url,
  howpublished = "\url{http://neuralprediction.berkeley.edu/}",
}

@misc{numpy_url,
  howpublished = "\url{http://www.numpy.org/}",
}

@misc{scipy_url,
  howpublished = "\url{http://www.scipy.org/}",
}

@misc{fish_fmri_url,
  howpublished = "\url{http://prefrontal.org/files/posters/Bennett-Salmon-2009.jpg/}",
}

@misc{python_ctypes_url,
  howpublished = "\url{http://docs.python.org/2/library/ctypes.html}",
}

@misc{java_interfaces_url,
  howpublished = "\url{http://docs.oracle.com/javase/tutorial/java/concepts/interface.html}",
}

@misc{scidash_portal_repo_url,
  howpublished = "\url{http://github.com/scidash/scidash_org}",
}

@misc{open_worm_url,
  howpublished = "\url{http://www.openworm.org/}",
}

